3152 5222
554 486 773 548 „27..

106 642 253 728 ναΙιοαιαι,
288 663 384 722 quam
424 645 586 709 necessitas
612 645 751 727 pustulat
788 641 839 730 (of.
869 641 1023 731 Charis),
1059 650 1095 709 ul
1134 665 1249 731 „quem

106 748 148 812 tbi
178 750 237 814 iam
276 749 395 815 Troia“
418 748 470 838 (ef.
490 751 587 834 Verg.
606 749 686 817 Aen.
704 751 755 816 Ill
778 747 873 837 340);
906 752 1007 816 dedu
1039 757 1096 816 aut
1128 753 1250 835 οΙιηιιιιΙ

105 855 151 918 hle
168 856 352 923 ubauditur.
371 893 415 904 —
434 856 498 923 Sed
520 857 601 922 haec
623 857 788 924 hactenus.
834 857 863 922 A
887 858 1086 943 rhetoribus,
1110 881 1247 943 quorum

105 965 159 1025 erat
177 963 373 1029 considerare
395 969 547 1030 naturam
570 988 608 1030 ac
630 965 695 1029 vim
721 965 876 1050 cuiusque
906 967 1043 1051 figurae,
1070 964 1178 1050 qualis
1206 966 1248 1030 ad

104 1067 259 1146 orationem
292 1072 468 1136 omandem
502 1072 731 1157 adhibebatur,
767 1073 847 1137 haec
879 1071 918 1136 de
950 1072 1058 1156 figura
1093 1072 1247 1157 ellipeeos

103 1180 231 1260 praecep
232 1199 252 1240 a
217 1176 352 1242 tdata
374 1182 464 1244 suut:

172 1281 384 1348 Alexander
420 1285 602 1350 Numenii
641 1309 692 1371 ap.
718 1285 821 1350 Walz.
847 1309 877 1370 p
903 1285 983 1370 470,
1018 1283 1169 1371 Spengel.
1195 1241 1246 1350 Ill

101 1408 123 1468 p
138 1388 183 1472 33
204 1390 224 1453 6
247 1387 369 1475 (locum
392 1395 526 1484 corrupt
511 1389 606 1456 tum*
624 1392 813 1458 exhibemus
836 1414 876 1457 ex
895 1335 1034 1457 Aldiirae
1058 1390 1247 1478 scriptura):

95 1485 238 1572 Ἐλλειψις
265 1495 306 1561 dc'
329 1501 471 1583 γίνεται,
500 1493 582 1565 ὅταν
611 1493 758 1582 ὀνόματα
790 1493 895 1564 πολλὰ
926 1496 1152 1583 περιῃρημένα
1184 1494 1246 1582 χρὴ

27 1765 28 1782 η
99 1706 166 1761 modo
175 1708 208 1762 ad
219 1706 343 1777 ἔλλειψιν
352 1710 436 1764 modo
450 1709 487 1764 ad
498 1707 626 1778 ἔκλειψιν
634 1709 809 1765 rettulerunt.
833 1709 969 1779 Anonym.
980 1725 1026 1779 ap.
1040 1708 1245 1779 Halm.p.7t,l
1340 1671 1346 1682 ι

99 1791 203 1866 ἔκλειψις
216 1797 234 1854 i.
250 1815 275 1855 e.
285 1799 414 1867 asenne
427 1797 531 1868 Aquila
544 1798 634 1854 Rom.
648 1797 687 1852 ib.
701 1817 728 1868 p.
744 1805 796 1854 376
807 1797 930 1868 ἔλλειψις
944 1798 961 1853 i.
976 1816 1000 1855 θ.
1010 1800 1153 1866 ἀοινααὶος
1162 1815 1246 1854 carm.

27 1911 28 1918 ι
98 1884 125 1938 de
136 1886 206 1956 figur.
219 1888 307 1957 (quod
326 1886 452 1956 sequitur
465 1886 654 1942 Alexandrum
668 1887 798 1957 Numen.)
811 1887 849 1942 ib.
863 1907 892 1958 p.
908 1895 949 1955 u),
967 1893 1029 1943 175:
1050 1885 1171 1956 ἔλλειψις
1189 1885 1207 1943 i.
1222 1904 1245 1942 e.

97 1974 204 2044 descan-
212 1975 367 2030 Martianus
376 1975 441 2046 Cap.
450 1975 499 2046 qui
512 1976 570 2030 fere
585 1976 621 2030 ad
633 1977 746 2030 verbum
757 1974 888 2046 Aquilam
902 1975 1058 2047 exscripsit,
1072 1975 1110 2032 ib.
1120 1995 1147 2046 p.
1158 1981 1219 2043 483,
1230 1983 1246 2030 5

97 2065 190 2119 secund.
209 2066 291 2121 codd.
310 2067 428 2135 relapsis,
446 2065 464 2122 i.
480 2083 504 2120 e.
519 2067 658 2121 daroma
687 2063 903 2130 Quintilianusl
919 2071 943 2133 5,
959 2071 994 2122 40
1010 2063 1126 2120 notione
1145 2065 1247 2134 ellipsis

26 2167 27 2194 r
97 2151 132 2220 (cf.
144 2155 198 2212 cod.
212 2157 257 2225 A.)
276 2153 378 2210 vitium
396 2153 587 2223 detractionis,
606 2171 678 2223 quac
696 2153 822 2224 pertinet
839 2154 876 2209 ad
890 2139 1087 2210 soloecismum
1099 2153 1146 2224 (cf.
1162 2170 1248 2224 supra

25 2269 26 2284 r
96 2259 116 2308 p.
128 2249 157 2296 14
169 2248 249 2313 seq),
276 2243 426 2314 significat,
452 2243 591 2313 itemque,
617 2245 649 2298 ut
673 2242 795 2312 videtur,
820 2261 854 2299 ex
879 2243 1008 2298 codicum
1026 2243 1083 2298 AG
1108 2241 1247 2313 scriptura

95 2331 180 2400 οῑιριίε
196 2333 302 2404 (MSar
328 2335 445 2404 eclipsis)
466 2331 699 2401 synecdochicam
723 2318 804 2386 illam
828 2333 961 2404 figuram,
988 2349 1044 2402 que.
1067 2331 1185 2388 verbum
1212 2322 1267 2386 cx'

95 2419 171 2474 verbis
194 2421 373 2492 intellegitur
395 2421 441 2492 (cf.
461 2421 535 2475 infra
552 2439 579 2490 p.
601 2428 636 2478 30
657 2424 727 2492 seq.)
746 2453 780 2462 -
799 2421 880 2487 Quod
907 2421 1036 2476 Schmidt
1060 2437 1111 2474 nos
1136 2419 1247 2490 relegat

94 2509 194 2566 maxime
212 2512 251 2566 ad
270 2509 401 2566 codicum
419 2509 599 2580 scripturum,
618 2509 768 2565 dicendum
784 2514 828 2566 est
842 2528 938 2567 eorum
956 2508 1155 2566 auctoritatem
1173 2507 1245 2562 nihil

94 2598 168 2654 velere
184 2601 223 2655 ad
241 2602 316 2656 hanc
334 2617 394 2656 rem
412 2597 636 2666 diiudicandum,
655 2615 722 2654 nam
740 2598 915 2670 ineptissime
933 2599 1009 2654 inter
1022 2617 1052 2654 sc
1066 2596 1245 2654 dissentiunt.

93 2685 249 2758 scripturam
267 2691 371 2760 ellipsis
385 2690 519 2759 (eclipsis)
538 2688 678 2758 praebent
691 2687 771 2744 codd.
787 2687 907 2742 Charisii
921 2688 1004 2759 (Keil.
1019 2689 1031 2743 1
1045 2695 1106 2758 erl,
1125 2691 1161 2758 4),
1179 2687 1245 2742 Dio·

92 2776 165 2830 medie
181 2777 232 2848 (ib.
247 2779 338 2847 1490,
363 2783 420 2849 le);
449 2779 556 2848 eclipsis
582 2777 688 2833 Donati
715 2777 979 2848 (ib.1Veas,11);
1008 2780 1154 2847 utramque
1182 2793 1244 2847 pro-

92 2864 179 2921 rniscue
206 2867 289 2925 codd.
319 2866 463 2922 Prisciani
499 2867 656 2922 Rhetorum
684 2867 853 2922 Graecorum
879 2867 973 2924 codd:
1003 2865 1124 2937 illesam
1149 2883 1244 2922 omnes

24 2973 25 2986 ¹
90 2957 185 3021 praeter
201 2956 420 3013 Phoebamrnon
435 2972 479 3027 ap.
494 2955 584 3012 Walz.
603 2975 630 3027 p.
651 2963 711 3026 tot,
728 2956 860 3086 Spengel
878 2957 918 3010 111
937 2963 980 3026 50,
1001 2963 1047 3012 10:
1068 2955 1200 3026 ἔκλειψις.
1211 2989 1244 2998 -

24 3051 25 3094 i
89 3041 133 3097 Sed
147 3045 217 3102 haec
236 3044 389 3100 sufficiant!

161 3153 177 3187 ⁸
195 3151 350 3208 Alexandri
368 3150 483 3207 libellus
503 3151 677 3222 pravissimis
696 3152 841 3208 codicibus
861 3151 1009 3208 exhibetur
1023 3153 1070 3224 (cl.
1080 3153 1166 3208 Walz.
1178 3154 1245 3209 VIII

88 3256 108 3305 p.
120 3244 167 3296 415
177 3258 245 3310 seq,
265 3240 443 3313 Spengellll
452 3261 480 3312 p.
490 3241 530 3296 IV
544 3242 651 3313 prael).
679 3243 767 3298 Locus
786 3244 883 3298 noster
900 3245 1048 3314 corruptus
1066 3241 1167 3298 nititur
1182 3244 1244 3298 cod.

88 3325 285 3386 vudobonensi
303 3331 368 3399 LX,
387 3330 516 3386 Parisino
530 3331 543 3384 Ι
558 3334 663 3402 (1741),
683 3331 811 3388 Parisino
826 3332 853 3385 ΙΙ
866 3333 960 3403 (1087)
980 3331 1042 3401 qui,
1063 3350 1127 3387 cum
1140 3333 1244 3403 fimum

87 3415 158 3472 ahter
173 3419 327 3491 dispositas
345 3419 490 3492 magisque
511 3422 668 3476 contractas
686 3421 799 3489 habeat,
819 3438 876 3476 non
893 3420 948 3474 nisi
962 3420 992 3475 in
1007 3421 1244 3493 comparationem

87 3505 205 3563 adromri
236 3512 345 3579 potest;
382 3513 530 3582 praeterea
561 3509 700 3566 editiones
729 3510 796 3565 Aldi
824 3513 853 3566 et
881 3510 1036 3564 Normenni
1068 3510 1244 3579 aliquantum

86 3597 191 3656 subsidii
218 3600 363 3669 praebent
411 3598 472 3665 Qua
498 3602 565 3654 sunt
590 3599 747 3671 pravitate,
778 3599 809 3654 hi
836 3597 989 3654 Alexandri
1016 3599 1150 3654 Numenii
1176 3600 1242 3654 doc-

85 3688 162 3746 trinae
180 3689 263 3761 quaei
281 3688 373 3744 fontes
391 3689 439 3743 vix
457 3691 563 3744 certam
582 3689 806 3745 emendationem
823 3688 880 3744 loci
903 3687 992 3743 nostri
1009 3687 1071 3743 fieri
1090 3687 1242 3758 patiuntur.

84 3777 209 3850 Exempla
226 3779 264 3834 ab
282 3781 397 3833 auctore
416 3777 547 3848 apposita
572 3795 605 3834 eo
631 3778 705 3833 inter
729 3795 758 3834 ee
784 3777 932 3844 differunt,
959 3777 1034 3846 quod
1059 3778 1180 3832 alterum
1206 3779 1243 3833 ad

84 3869 259 3939 complurium
276 3883 390 3936 vocum,
409 3866 529 3922 alterum
547 3867 584 3921 ad
606 3866 688 3921 unius
712 3869 823 3938 spectat
845 3866 1038 3934 omissionem
1061 3883 1176 3924 necesse
1198 3868 1242 3922 his

83 3957 207 4028 exemplis
225 3956 430 4027 respondeatis
449 3955 588 4025 definitio,
607 3956 650 4012 ita
668 3955 782 4025 quidem
800 3959 833 4012 ut
850 3957 942 4011 altera
963 3973 1029 4026 pars
1048 3955 1241 4026 complurium,

82 4042 162 4099 altera
185 4045 269 4100 unius
294 4044 373 4102 vocis
399 4044 508 4116 ellipsis
534 4043 786 4104 circumscribatur.
824 4045 1011 4111 Quamobrem
1037 4047 1066 4102 et
1088 4045 1242 4101 Normenni

82 4134 230 4190 emendatio
254 4129 326 4192 ὅταν
349 4129 477 4205 ὀνόματα
500 4132 589 4191 πολλὰ
614 4135 808 4209 περιῃρημένα
827 4130 879 4207 χρὴ
902 4129 1078 4204 ὑπακούειν,
1103 4135 1159 4188 τῶν
1177 4128 1242 4190 ὀνο-

82 4223 155 4287 μαστὶ
177 4220 214 4296 μὴ
238 4221 391 4294 κειμένων·
419 4217 462 4280 ὅτι
485 4220 520 4294 δή
540 4247 566 4281 τι
585 4234 694 4282 νοεῖται
712 4224 798 4280 πλέον
815 4227 851 4295 ¹et
868 4222 984 4278 Walzii:
1013 4217 1083 4279 ὅταν
1102 4218 1196 4293 daupei
1215 4245 1242 4278 τι

81 4314 278 4384 περιῃρημένον
296 4305 324 4386 ᾖ,
343 4309 479 4386 ὀνομαστὶ
496 4313 532 4384 μὴ
553 4317 685 4386 κείμενον
699 4313 884 4386 probarinon
897 4316 1023 4384 possunt.
1057 4311 1117 4368 Soli
1135 4314 1242 4367 rectam

80 4402 238 4458 emendandi
256 4403 334 4458 viam
355 4403 476 4474 ingressi
494 4406 559 4458 sunt
581 4407 723 4459 corrector
741 4403 846 4459 codicis
866 4403 940 4471 Pan,
965 4401 1014 4471 qui
1036 4418 1120 4472 supra
1137 4401 1242 4457 lineam

80 4489 222 4564 adsumpsit
245 4485 351 4565 ὅτανῄ
375 4488 502 4565 ὀνόματα
526 4491 613 4549 πολλὰ
642 4493 834 4569 περιῃρημένα
858 4487 875 4566 ἢ
900 4493 949 4547 καὶ
974 4490 1008 4548 ἓν
1030 4487 1122 4568 ὄνομά
1149 4515 1176 4548 τι
1203 4489 1240 4570 pl
