3158 5226
790 497 833 507 —
881 462 945 526 140
992 498 1032 508 --

413 617 499 684 Lool
523 617 640 686 dubii:

413 724 499 790 Dial.
518 727 667 812 2454s5:
699 733 814 810 qrooto
840 749 905 794 roo
935 729 1034 794 solum
1066 729 1188 811 iugenio
1220 749 1257 792 oe
1287 729 1408 814 spirito,
1436 731 1483 794 sed
1554 753 1560 826 g

324 834 417 898 ottoro
446 834 615 898 eruditione
646 839 675 900 et
705 840 770 900 orte
801 837 839 901 ob
870 836 948 918 drosos
977 840 1134 901 mutuatos
1165 839 1209 899 est
1230 856 1289 918 per
1317 857 1391 918 quoe
1417 857 1482 901 otoo

324 941 408 1023 r'rrsos
430 940 601 1006 incesseret:
635 941 880 1008 Doederlinium
904 946 1033 1008 secutus
1058 941 1227 1008 Andresen
1250 941 1410 1008 intellexit
1430 943 1481 1005 lo·

316 1052 435 1142 ‘sutus
464 1051 523 1113 est
553 1070 591 1113 ex
622 1054 826 1115 mutuatus
858 1054 916 1114 est
945 1049 985 1114 ad
1008 1050 1107 1116 verba
1130 1050 1389 1133 quarto-spirito,
1415 1048 1482 1134 quis
1548 1059 1558 1140 ζ

187 1188 193 1197 ·
324 1153 449 1239 aliquid
481 1155 614 1241 spiritu,
644 1155 665 1221 i.
685 1179 711 1221 e.
728 1156 843 1248 ardore
877 1160 911 1221 et
943 1157 1068 1242 impetu
1100 1156 1242 1220 mutuari
1274 1177 1341 1220 non
1373 1155 1481 1221 liceret.

324 1260 469 1328 Ribbeck
487 1263 553 1327 iam
572 1262 607 1326 in
626 1261 709 1329 Mus.
723 1261 824 1328 Rhen.
840 1263 902 1328 vol.
919 1264 972 1348 32,
984 1287 1016 1348 p.
1030 1263 1093 1328 309
1114 1267 1286 1347 zeugmate
1305 1285 1345 1327 ex
1363 1261 1480 1346 dialogo
1544 1245 1560 1356 f

323 1373 454 1453 sumpta
486 1369 520 1434 in
553 1368 770 1454 suspicionem
803 1369 944 1455 vocavit,
976 1375 1013 1435 ut
1045 1375 1126 1455 qua'e
1158 1391 1224 1434 non
1262 1369 1479 1454 responderent
1541 1353 1560 1393 '⁵³

322 1496 514 1540 numerosae
537 1480 571 1540 et
594 1474 754 1546 dilucidae
778 1474 904 1540 dioendi
927 1476 1048 1542 rationi
1076 1470 1173 1541 hnius
1203 1475 1307 1542 libelli
1337 1474 1478 1562 propriae.
1546 1459 1560 1552 *f

322 1579 481 1646 Nostrum
504 1603 581 1647 vero
605 1582 712 1648 looum
736 1604 774 1647 eo
798 1582 911 1648 referri
934 1605 1000 1650 non
1022 1605 1132 1669 posse,
1155 1606 1219 1668 quo
1243 1606 1263 1649 a
1286 1581 1480 1649 Doederlinio
1542 1565 1560 1608 '¹³

322 1689 445 1754 relatus
478 1694 541 1774 est,
574 1688 655 1754 satis
689 1691 793 1754 eluoet
825 1712 863 1755 ex
897 1711 948 1775 eo,
981 1691 1067 1775 quod
1095 1691 1228 1756 verbum
1261 1691 1372 1775 loqui
1402 1688 1482 1754 nullo
1542 1675 1557 1714 ᾖ

322 1796 570 1882 significationis
603 1796 732 1861 vineulo
765 1796 972 1878 coniunctum
1006 1801 1056 1862 est
1083 1819 1155 1862 eum
1180 1798 1279 1863 verbo
1312 1794 1483 1862 mutuari.
1542 1779 1560 1878 ’ᾗ

322 1903 431 1987 Atque
455 1903 554 1969 etiam
579 1903 696 1988 spiritu
721 1926 918 1989 quemquam
939 1904 989 1968 nti
1012 1926 1108 1989 posse
1132 1904 1251 1969 adeas
1275 1926 1326 1969 res
1346 1907 1484 1968 mutuan-
1544 1893 1560 1932 “l

322 2009 393 2095 das,
424 2031 507 2095 quae
530 2010 662 2096 ingenio
691 2011 879 2094 eruditione
901 2014 970 2076 arte
997 2014 1127 2076 tantum
1156 2012 1190 2075 in
1220 2032 1315 2076 usum
1346 2013 1485 2076 nostrum
1549 1999 1560 2054 ΡΞ

321 2117 403 2182 verti
426 2124 585 2203 possunt,
600 2117 687 2183 haud
710 2118 758 2184 ita
780 2118 928 2204 ineptum
951 2117 1032 2184 mihi
1056 2117 1191 2184 ridetur.
1550 2107 1560 2130 '³

410 2223 456 2288 Ib.
471 2224 524 2310 25,
539 2225 595 2289 27:
624 2245 700 2289 rom
722 2230 751 2290 et
768 2223 898 2290 Cotum
927 2226 1121 2292 etAstor'orrr
1150 2230 1178 2288 et
1200 2227 1301 2307 ipsum
1320 2224 1486 2291 Ciceronem
1547 2223 1558 2248 ²·

320 2331 406 2396 oredo
428 2331 532 2396 solitos
554 2337 583 2396 et
604 2333 739 2397 tooidm
761 2337 790 2396 et
811 2333 901 2397 tioere
923 2337 952 2396 et
981 2334 1085 2397 ceteris
1114 2331 1270 2396 bomorm
1298 2331 1486 2412 infirmttotts
1547 2321 1552 2358 ³

320 2439 403 2504 vitiis
432 2437 537 2519 offici:
564 2439 663 2503 soture
692 2440 773 2503 root
800 2439 854 2504 bos
882 2440 1018 2505 arbitror
1037 2439 1175 2504 Brutum
1209 2460 1272 2504 nort
1302 2440 1486 2522 malignitate
1556 2433 1560 2456 ⁶

319 2567 373 2611 ooo
390 2547 519 2624 toedio,
536 2547 589 2644 sed
604 2546 784 2628 sirmiioiter
801 2550 829 2609 et
840 2547 969 2629 ingenue
984 2547 1135 2612 iuditium
1153 2547 1256 2612 enimi
1272 2547 1323 2611 soi
1341 2546 1485 2611 temese.
1550 2537 1560 2580 ³³

320 2649 490 2718 Andresen
519 2653 597 2717 olim
628 2652 663 2718 in
691 2656 819 2718 textum
849 2653 971 2739 recepit
1000 2658 1233 2718 commotum
1262 2652 1387 2718 fuisse
1416 2655 1486 2736 post

319 2758 481 2844 invidia3
499 2781 585 2824 nuno
604 2796 644 2806 -
665 2762 699 2825 et
718 2759 865 2844 sequitur
885 2783 958 2825 eum
977 2759 1073 2826 Peter
1091 2797 1116 2804 -·
1142 2758 1307 2846 intellegit
1323 2760 1485 2825 notionem
1551 2781 1555 2788 ¹

320 2866 446 2932 dicendi
469 2890 508 2932 ex
536 2866 724 2931 iudicium
750 2865 869 2930 animi
897 2866 956 2930 sui
980 2866 1188 2932 detexisse.
1233 2865 1413 2932 Ribbeokio
1436 2867 1455 2930 1.
1468 2865 1487 2929 1.
1554 2861 1560 2903 ·÷

319 2972 381 3038 hoe
403 2995 540 3059 zeugma
563 2973 675 3038 durius
704 2972 844 3056 videtur,
872 2994 970 3057 quam
998 2979 1035 3039 ut
1058 2973 1136 3039 ferri
1163 2973 1282 3059 possit,
1309 2971 1487 3058 quiaillud
1553 2971 1560 3010 ‘l

319 3079 506 3145 iudicium
530 3081 648 3145 animi
672 3079 853 3164 detegere
875 3084 989 3143 nostro
1013 3080 1084 3145 loeo
1107 3080 1204 3165 plane
1224 3081 1423 3146 eontrarium
1448 3079 1487 3144 sit
1553 3055 1560 3117 'i

318 3186 459 3273 iudiciis,
486 3209 569 3271 quae
592 3186 674 3252 fiant
696 3185 903 3271 malignitate
926 3190 960 3251 et
982 3187 1118 3272 inridia3
1141 3188 1252 3272 itaque
1276 3187 1377 3253 inseri
1401 3187 1488 3253 iubet
1559 3215 1560 3221 ¹

318 3293 352 3358 in
374 3297 502 3360 textum
524 3293 660 3358 verbnm
684 3293 928 3358 detrectasse
955 3297 1032 3378 post
1058 3315 1171 3359 vooem
1198 3294 1358 3360 invidia.
1403 3295 1487 3360 Neu·
1557 3289 1560 3328 ³

318 3405 405 3466 trum
434 3401 557 3487 placet,
583 3423 643 3466 nee
664 3399 847 3466 Andreseui
878 3423 938 3466 neo
960 3399 1130 3466 Ribbeokii
1160 3407 1380 3486 praeceptum.
1426 3401 1488 3467 Cur
1559 3396 1560 3435 ³

318 3509 426 3594 enim,
449 3509 476 3573 si
499 3531 533 3573 re
558 3531 634 3573 vera
666 3509 766 3574 verba
794 3509 944 3574 iudioiom
973 3508 1074 3572 animi
1103 3510 1233 3589 delegem
1261 3508 1328 3574 iam
1356 3509 1428 3594 ipsa
1458 3512 1488 3573 et
1558 3533 1560 3540 ⁴

317 3617 452 3699 propter
466 3615 624 3681 sermonis
639 3621 827 3681 contextum
841 3614 881 3680 ad
897 3615 1091 3699 simpliciter
1105 3614 1309 3701 ingenueque
1322 3613 1488 3681 indicandi

317 3720 479 3786 rationem
514 3725 677 3807 spectant,
719 3721 853 3787 Taoitus
885 3744 1037 3806 expresse
1075 3721 1201 3788 addidit
1238 3721 1396 3800 adverbia
1430 3723 1487 3787 illa
1559 3711 1560 3748 ¹

316 3828 496 3910 siomlrbiter
518 3834 547 3892 et
567 3825 718 3911 ingenue?
753 3828 804 3892 le
826 3850 863 3893 ea
886 3828 964 3913 sola,
987 3832 1026 3893 ut
1048 3829 1185 3914 videtur,
1206 3829 1269 3894 hoo
1286 3829 1366 3896 feeit
1384 3851 1488 3912 eausa,
1559 3903 1560 3914 χ

318 3932 396 4018 quia
424 3933 495 4018 ipse
527 3934 626 3999 verba
654 3936 755 3999 animi
783 3935 933 3998 iodicium
961 3936 1092 4017 delegem
1124 3940 1237 4000 nostro
1266 3936 1339 4001 loeo
1367 3958 1428 4002 nee
1455 3935 1489 4000 in
1559 3915 1560 3964 ³

318 4039 438 4110 bonum
461 4061 521 4105 neo
544 4040 578 4105 in
600 4041 724 4106 malum
751 4063 883 4106 sensum
913 4041 1046 4126 aceepit.
1090 4041 1136 4106 nt
1163 4043 1234 4108 sine
1261 4041 1360 4109 dubio
1393 4065 1487 4108 unus·
1559 4059 1560 4136 ζ

317 4147 454 4231 quisque
477 4150 515 4211 ut
538 4151 595 4212 aut
618 4147 824 4231 malignitate
848 4152 881 4212 et
908 4146 1032 4212 invidia
1058 4152 1116 4213 aut
1143 4150 1353 4235 simplicitate
1381 4154 1416 4216 et
1443 4151 1488 4215 in·
1559 4137 1560 4196 3

317 4254 484 4338 genuitate
506 4255 651 4320 imbutus
675 4259 740 4338 est,
761 4253 810 4318 ita
828 4255 929 4319 animi
950 4254 1107 4320 iudicium
1130 4278 1225 4322 suum
1249 4256 1391 4342 deteget

406 4359 512 4426 Germ.
534 4363 583 4446 17,
600 4362 640 4426 14
656 4383 722 4446 seq.
736 4357 876 4447 (Halm),
896 4362 946 4446 18,
959 4363 1057 4446 2seq.
1069 4360 1293 4451 (Miillenhoff)
1312 4364 1437 4449 legitur
1454 4364 1487 4428 in
1559 4387 1560 4422 1

317 4465 482 4532 eodioibus
505 4489 579 4532 nam
596 4489 693 4552 prope
715 4468 775 4534 soti
796 4467 999 4534 tartarorum
1025 4470 1158 4552 uadetis
1184 4472 1332 4537 odoribus
1357 4470 1488 4536 metenti
1559 4457 1560 4514 7
