3158 5226
794 506 835 515 --
884 469 946 534 122
993 504 1035 516 -

327 626 481 693 hibuisse.
526 627 612 692 Nam
644 650 726 713 quae
757 627 979 713 Koldewey,
1012 628 1067 712 qui
1097 629 1179 693 bane
1210 628 1248 693 de
1278 630 1402 714 figurae
1432 625 1493 694 ἀπὸ

326 735 445 798 κοινοῦ
468 734 573 800 dictae
604 734 689 819 apud
714 733 880 800 Catullum
905 717 1300 819 Tibullum'Propertium
1323 734 1495 801 Horatium

327 863 387 904 usu
421 840 574 906 disseruit
612 838 782 927 (zeitschr.
806 839 827 904 f.
851 841 881 906 d.
901 840 1129 926 Gymn-Wes.
1157 841 1239 906 mu
1264 864 1294 925 p.
1318 843 1382 906 337
1407 839 1496 928 seq.),

327 967 402 1030 pag.
419 947 482 1011 337
512 970 550 1012 ex
582 947 737 1032 prosaicis
768 946 902 1031 collegit
930 969 996 1012 non
1025 947 1088 1012 nisi
1118 947 1158 1011 ad
1188 947 1288 1012 talem
1312 948 1494 1014 nominum

327 1053 574 1119 collocationem
598 1058 754 1138 spectant.
800 1053 914 1138 quue
945 1053 1049 1140 magis
1081 1053 1171 1141 digni
1201 1058 1291 1136 sunt,
1321 1054 1377 1139 qui
1407 1055 1495 1120 colli·

329 1163 461 1245 gantur,
491 1160 515 1224 ii
543 1160 620 1246 loci,
656 1161 771 1245 quibus
802 1160 931 1245 poetica
960 1160 1018 1224 illa
1047 1161 1138 1225 verbi
1167 1161 1254 1226 finiti
1285 1161 1496 1226 collocatione

325 1288 404 1330 usus
428 1270 479 1332 est
502 1266 643 1332 Tacitus.
688 1267 875 1332 Invenimus
898 1266 1014 1332 haecce
1037 1266 1212 1332 admodum
1235 1289 1352 1352 pauca:

418 1376 444 1438 1.
468 1373 637 1458 particulis
662 1374 833 1439 coniuncta
857 1378 934 1438 sunt
957 1374 1088 1458 singula
1111 1374 1237 1459 periodi
1260 1375 1422 1439 membra:
1562 1457 1563 1468 ἵ

415 1479 466 1544 ot:
486 1479 525 1544 H.
543 1478 573 1543 V
590 1481 619 1564 1,
633 1480 720 1563 9s10:
744 1481 865 1546 addidit
882 1501 898 1544 e
915 1480 1013 1546 Suria
1035 1482 1254 1548 duodecumam
1271 1486 1300 1545 et
1321 1482 1498 1546 adductos

330 1587 526 1650 Alenondria
548 1588 858 1652 duoetvicensimanos
881 1589 1090 1670 tertianosque.
1128 1587 1234 1673 Supra
1248 1588 1314 1652 iam
1328 1610 1358 1672 p.
1373 1587 1417 1652 53
1434 1609 1498 1672 seq.
1562 1653 1563 1658 ,

327 1692 453 1778 egimus
478 1693 516 1757 de
540 1695 611 1759 loco
632 1693 692 1759 An.
704 1694 768 1759 XII
784 1695 836 1777 22,
859 1716 964 1779 quem,
987 1695 1051 1759 nisi
1075 1718 1150 1760 vera
1169 1699 1256 1760 esset
1278 1694 1407 1778 prolata
1431 1695 1499 1759 illio
1562 1731 1563 1736 κ

327 1799 517 1884 explicatio,
545 1800 661 1865 melius
692 1823 789 1885 qaam
819 1822 892 1865 eum
917 1800 1061 1888 Draeger
1093 1802 1326 1887 interpretatus
1362 1806 1414 1866 est
1447 1823 1498 1865 ex·

327 1906 465 1990 plicares
490 1929 528 1971 ex
552 1907 705 1991 analogia
728 1907 792 1972 loci
816 1908 912 1974 modo
937 1908 1096 1993 adscripti
1120 1907 1204 1973 H.V
1225 1910 1257 1992 1,
1274 1905 1356 1991 ullo.
1562 1969 1563 2002 p

416 2029 471 2077 ucz
490 2010 664 2099 An.135‚4
675 2035 754 2099 seq.:
767 2035 843 2108 ⁴naon
861 2016 1032 2080 indiscretis
1046 2015 1166 2080 naudus
1177 2014 1281 2098 pretia
1294 2015 1501 2090 curationum,
1562 2037 1563 2051 ¹

326 2121 486 2202 anqustius
508 2121 665 2205 stipendii,
693 2122 844 2186 dmidium
866 2141 1003 2205 opmnm,
1026 2141 1063 2186 uc
1079 2121 1218 2205 propriis
1240 2121 1416 2186 nominihus
1441 2123 1500 2184 in·

326 2232 458 2290 catsant
479 2227 610 2310 uallum,
631 2228 746 2312 fossas,
763 2228 875 2309 pabuli
898 2229 1044 2292 materiae
1067 2228 1221 2310 liquorum
1244 2228 1397 2311 adpestem
1422 2234 1452 2293 et
1474 2230 1502 2292 si
1562 2271 1563 2280 .

326 2353 388 2416 qua
405 2334 472 2398 alia
494 2354 531 2398 ere
549 2336 721 2399 necessitato
739 2339 795 2400 aut
818 2323 964 2399 aduersus
989 2336 1085 2399 otium
1110 2340 1280 2400 castrorum
1298 2340 1501 2416 quaeruntur.
1562 2393 1563 2407 ,

416 2438 496 2504 sed:
520 2439 561 2506 H.
575 2441 662 2526 183,
679 2441 809 2506 8-102
837 2461 931 2523 neque
953 2447 988 2505 nt
1010 2440 1145 2522 adfectus
1172 2445 1283 2506 uestros
1305 2441 1340 2506 in
1362 2462 1502 2506 amorem

326 2548 386 2612 mei
418 2549 621 2631 accenderem,
653 2548 882 2632 commilitones,
921 2567 1015 2629 neque
1045 2551 1081 2610 ut
1111 2547 1252 2611 animum
1284 2549 1327 2612 ad
1355 2548 1502 2612 uirtutem
1562 2545 1563 2554 ’

327 2653 500 2718 cohortarer
515 2704 556 2736 ..‚
574 2656 626 2718 sed
638 2655 720 2718 oeni
727 2655 942 2737 postulaturus
965 2675 986 2717 a
1003 2653 1086 2718 nobis
1104 2658 1372 2736 temperamentum
1384 2659 1504 2720 uestrae
1562 2739 1563 2744 ἵ

324 2761 519 2840 fortitudinis
554 2766 582 2825 et
616 2781 688 2843 erpa
724 2781 771 2825 me
807 2762 930 2826 modum
961 2761 1102 2824 caritatis
1134 2756 1188 2846 (cf.
1202 2760 1243 2826 H.
1259 2761 1272 2826 l
1289 2761 1342 2845 29,
1358 2760 1502 2826 13-16

326 2892 356 2952 p.
375 2864 459 2953 116).
491 2903 532 2913 -
563 2864 964 2954 An.V129(35)‚15s16:
1000 2867 1081 2932 nun
1110 2867 1191 2931 dune
1219 2868 1359 2932 amicitia
1381 2867 1504 2952 Seiani,

325 2975 378 3038 sed
400 2974 574 3054 labefecit
595 2973 680 3038 leand
701 2975 805 3038 minus
827 2975 966 3040 ualidum
984 2975 1026 3038 ad
1044 2975 1139 3040 aritia
1152 2973 1314 3040 Macronis
1332 2975 1504 3040 odium—
1562 2957 1563 3038 f

327 3079 486 3146 Similiter
513 3079 548 3144 in
578 3079 685 3144 medio
718 3080 852 3145 alterius
885 3080 1023 3145 membri
1056 3083 1209 3146 contextu
1242 3085 1331 3146 extat
1363 3080 1504 3146 verbum
1562 3091 1563 3118 ³

327 3185 368 3249 Η.
381 3185 409 3250 V
424 3187 459 3271 6,
474 3185 585 3269 noluo:
614 3187 659 3250 sic
680 3192 789 3252 ueteres
812 3192 960 3272 auctoru,
987 3189 1040 3252 sed
1057 3188 1153 3269 puori
1180 3187 1314 3269 locorum
1341 3190 1507 3254 tradunt

325 3294 475 3358 undantes
497 3293 645 3358 bitumine
667 3294 758 3358 moles
774 3294 852 3376 pelli
874 3315 1028 3376 manuque
1051 3293 1133 3358 trahi
1156 3295 1198 3358 ad
1220 3294 1301 3359 litus.
1562 3359 1563 3372 ἶ

417 3398 605 3485 Nipperdey
624 3422 690 3465 non
709 3403 796 3465 recte
814 3400 878 3466 huc
896 3400 1026 3465 rettulit
1044 3401 1152 3465 locum
1166 3398 1250 3466 Ann.
1264 3401 1298 3465 ΙΙ
1313 3402 1370 3486 60,
1384 3402 1506 3468 5—8:
1562 3401 1563 3408 '

327 3508 398 3572 inde
413 3509 596 3589 pronimnm
618 3509 722 3573 amnis
744 3527 776 3572 os
798 3509 934 3572 dicatum
948 3507 1087 3591 Herculi,
1108 3529 1197 3589 quem
1215 3508 1375 3590 indiuenae
1396 3515 1507 3574 mnan

326 3616 411 3696 apud
430 3635 462 3679 se
484 3619 512 3678 et
533 3615 785 3697 antiquissimum
796 3614 957 3697 pernibent
974 3634 1078 3696 eosque
1100 3616 1154 3696 qui
1170 3619 1278 3696 posteo
1293 3615 1372 3697 pari
1388 3617 1509 3682 uirtute
1562 3609 1563 3612 ¹

324 3723 444 3801 fuerim
478 3724 511 3785 in
542 3727 769 3803 capnomentum
796 3723 862 3786 eins
889 3722 1035 3797 adseitos;
1066 3741 1138 3786 mon
1160 3722 1249 3786 nisit
1270 3726 1402 3786 cetrum
1423 3723 1507 3788 rm-

327 3828 436 3891 loorum
450 3849 565 3910 mapnn
576 3830 702 3911 oestipia
716 3833 749 3894 et
756 3850 785 3912 q.
795 3850 818 3892 s.
837 3827 1044 3913 Interpositis
1060 3827 1143 3893 enim
1160 3827 1337 3892 enuntiatis
1353 3830 1508 3895 membra

326 3956 426 3999 unum
447 3934 541 3998 alteri
560 3935 790 4019 respondentia
809 3933 1032 3999 vehementius
1047 3942 1267 4019 secernuntur,
1286 3956 1383 4019 quam
1401 3941 1442 4000 ut
1465 3936 1509 4002 de

327 4041 397 4105 sola
427 4040 645 4106 contractione
675 4041 813 4125 eogitari
842 4040 948 4125 possit
980 4038 1034 4127 (cf.
1048 4066 1078 4126 p.
1092 4039 1159 4127 97).
1180 4069 1234 4140 y-
1266 4040 1380 4125 Neque
1413 4043 1508 4108 alius

328 4148 433 4233 locus,
464 4170 560 4232 quem
584 4147 771 4233 Nipperdey
801 4147 865 4211 huc
887 4152 1034 4232 spectare
1057 4148 1176 4233 voluit,
1205 4151 1243 4212 ut
1272 4169 1336 4231 quo
1367 4147 1510 4233 singula

327 4255 471 4319 membra
494 4254 664 4341 particulis
689 4258 891 4319 utrum-an
919 4253 1006 4320 inter
1035 4277 1069 4319 se
1100 4255 1271 4320 coniuncta
1300 4258 1422 4339 essent,
1454 4257 1510 4323 ita

327 4366 436 4447 potest
459 4363 626 4448 explicari:
650 4360 711 4427 An.
726 4359 773 4426 IV
789 4361 845 4444 20,
861 4362 901 4425 12
922 4383 960 4426 s:
988 4363 1069 4426 unde
1094 4361 1234 4437 dubitare
1261 4382 1359 4445 aanor,
1385 4362 1458 4439 fato
1480 4371 1512 4430 et

325 4474 405 4534 sorte
422 4471 581 4554 uocandi,
599 4473 634 4534 ut
651 4473 760 4553 cetera,
783 4469 830 4532 ita
846 4469 1028 4551 prinupnm
1047 4469 1209 4534 inclinatio
1227 4469 1262 4533 im
1280 4467 1346 4551 hoc,
1369 4468 1511 4548 offensio
1562 4543 1563 4548 .
