3230 5220
342 631 433 697 alm
466 631 518 714 us,
548 630 603 714 qu
618 681 643 696 ..
657 631 868 713 maa
899 629 1100 712 enecatam
1132 627 1253 693 aaut
1283 627 1398 692 aaa
1427 647 1504 690 ae-

342 743 472 804 cerent‘
1578 725 1579 766 ³

430 842 459 930 f)
479 843 584 909 oratio
600 843 733 928 oblique
751 843 899 926 sequitur
913 841 1117 907 enuntiatum
1132 841 1277 906 causale:
1301 839 1504 924 salvete

209 1001 210 1006 1
343 972 422 1035 seq.:
452 951 609 1015 adduntur
630 950 795 1014 smteatiae
816 954 852 1012 ut
875 967 963 1012 eccas
981 947 1105 1012 Caelius
1123 949 1158 1011 ia
1174 953 1333 1030 posteram
1354 947 1507 1028 Aeaeus

342 1057 561 1141 appellaretur,
598 1057 722 1137 quaudo
753 1057 869 1120 cunctis
907 1056 1021 1119 circum
1053 1054 1259 1136 affluamus
1293 1054 1360 1118 sola
1399 1053 1507 1116 Tiberii
1579 1113 1580 1116 ,

342 1163 661 1247 esliptes..inuiolata
682 1163 860 1227 maaneset:
890 1162 1020 1226 eucnuse
1049 1162 1084 1226 id
1109 1162 1182 1226 olim
1206 1159 1360 1225 Claudiae
1383 1159 1508 1239 Quintae

290 1269 295 1285 '
342 1271 465 1354 eiusque
494 1273 631 1334 statuam
661 1270 725 1333 eim
754 1269 874 1351 maium
900 1267 947 1331 bis
974 1267 1110 1349 elapsam
1142 1268 1273 1331 amares
1299 1268 1386 1348 apud
1411 1267 1508 1330 aedem

279 1445 294 1470 ι,
342 1379 453 1441 cauta
475 1377 564 1440 dena
587 1375 820 1450 mercasse
843 1374 884 1438 al.
1580 1381 1581 1390 ’

432 1481 536 1547 Locus
567 1480 684 1546 dubius
716 1485 781 1545 est:
809 1478 871 1545 An.
887 1478 950 1544 XII
968 1480 1022 1564 17,
1039 1479 1104 1563 tlt:
1134 1478 1216 1544 cod:
1248 1481 1330 1561 quad
1356 1480 1509 1562 aspernati

342 1594 416 1654 suat
445 1589 578 1652 uictores.
632 1587 718 1667 Quia·
751 1587 905 1650 trucidare
940 1587 1054 1650 deditos
1085 1607 1225 1670 saevam,
1258 1591 1379 1650 tantam
1412 1586 1509 1650 multi·

343 1697 479 1760 tudinem
502 1695 639 1760 cuutodta
660 1695 777 1776 clepere
805 1693 954 1776 arduum,
984 1697 1019 1756 at
1047 1693 1117 1758 belli
1141 1693 1247 1774 potius
1269 1693 1337 1758 iure
1365 1695 1509 1757 caderent.
1581 1733 1582 1738 κ

343 1801 490 1887 Vulgata
518 1799 584 1864 ism
615 1800 709 1865 eolon
740 1803 816 1883 post
852 1799 1026 1863 victores
1063 1799 1204 1864 mutavit
1235 1799 1270 1864 in
1304 1821 1446 1884 comma,
1477 1803 1510 1861 ut

343 1907 527 1973 coniunctio
562 1911 606 1970 ut
640 1905 774 1970 haberet
804 1904 888 1970 unde
918 1905 1081 1989 penderet.
1133 1904 1286 1970 Editores
1319 1905 1409 1970 vurie
1441 1925 1509 1988 ege·

343 2018 435 2078 runt:
481 2012 570 2078 Buch
606 2017 639 2077 et
668 2011 836 2095 Kiessling
866 2034 905 2076 ex
936 2013 1142 2096 aspernati
1172 2016 1268 2076 sunt
1305 2015 1510 2096 sumpserunt
1582 2041 1583 2062 κ

342 2120 508 2184 notionem
545 2117 750 2203 decernendi,
791 2117 877 2182 unde
915 2122 957 2182 ut
996 2122 1175 2204 regeretur,
1213 2117 1379 2203 Welther,
1420 2139 1510 2202 quem

343 2226 527 2311 nuperrime
551 2229 679 2290 secutus
703 2228 754 2289 est
773 2223 933 2309 Drueger,
956 2225 1064 2290 verbis
1087 2227 1329 2290 cat-caderent
1351 2224 1419 2290 vim
1443 2246 1511 2288 eon·

344 2331 522 2398 secutivum
552 2331 681 2415 tribuit3
712 2352 811 2414 quem
833 2331 918 2396 mele
941 2331 974 2394 id
999 2331 1186 2416 quadraret,
1209 2330 1364 2417 quonism
1386 2331 1422 2395 in
1450 2353 1512 2395 ver·
1583 2371 1584 2403 ,

345 2439 394 2504 bis
419 2438 629 2522 sequentibus
656 2437 730 2522 ipss
756 2437 815 2503 illa
842 2437 1045 2524 consecutio,
1076 2442 1113 2502 ut
1139 2438 1188 2502 ite
1216 2438 1336 2524 dicam,
1364 2455 1511 2521 expresse

343 2549 508 2628 narretur,
531 2544 601 2629 ipse
620 2542 766 2629 Dreeger
788 2543 929 2608 sensisse
948 2543 1090 2629 videtur,
1121 2566 1194 2609 cum
1222 2549 1365 2610 verteret
1387 2565 1421 2609 so
1444 2545 1512 2608 dass
1584 2598 1585 2662 ,

343 2653 388 2716 see
411 2687 453 2696 -
481 2651 580 2730 fallere
608 2651 754 2714 sollteu.
807 2648 893 2714 Nem
923 2650 986 2715 hoc
1015 2673 1080 2716 non
1111 2673 1241 2716 sensum
1271 2650 1511 2716 consecutivum
1584 2663 1585 2702 t

344 2755 496 2841 servavit,
520 2778 616 2841 quem
638 2756 745 2820 voluit
764 2755 908 2842 Dreeger
931 2757 1121 2844 exprimere,
1145 2759 1201 2824 sed
1224 2757 1368 2836 finaliter
1391 2757 1511 2822 dietum

344 2866 404 2928 est.
432 2899 474 2910 -
503 2861 571 2927 Alii
596 2861 839 2928 Doederlinium
870 2864 973 2928 secuti
1001 2865 1100 2929 verba
1130 2865 1369 2946 quta-arduum
1400 2885 1511 2948 paren-

344 2970 453 3035 thesin
485 2990 556 3034 esse
590 2969 723 3053 volunt,
768 2974 811 3033 ut
847 2971 979 3035 notione
1010 2970 1201 3036 decernendi
1233 2993 1272 3035 ex
1311 2968 1512 3054 aspernati

345 3080 437 3140 sunt
463 3082 594 3159 sumpte
614 3075 686 3158 regi
700 3075 908 3140 contendunt.
940 3075 1015 3141 Non
1030 3078 1146 3162 planet.
1162 3113 1203 3123 -·
1220 3077 1333 3162 Nuper
1346 3077 1376 3142 J.
1386 3075 1513 3160 Mulier,

345 3181 446 3245 Beitr.
460 3179 509 3245 IV
533 3181 599 3265 p.9
619 3203 685 3265 seq.
726 3181 845 3246 codicis
881 3184 981 3247 verba
1019 3183 1189 3249 defendere
1227 3182 1367 3267 studuit,
1405 3183 1514 3247 docuit

345 3287 432 3352 enim
455 3285 543 3351 haud
565 3309 638 3352 raro
662 3287 718 3352 uni
742 3289 910 3353 enuntiato
934 3289 1089 3374 primario
1118 3290 1181 3354 duo
1209 3291 1378 3355 enuntiata
1402 3311 1512 3356 secun·

345 3393 437 3459 deris
459 3393 632 3459 subiuncta
655 3415 725 3459 esse
755 3418 775 3459 s
806 3393 976 3481 Romanis,
1004 3397 1053 3461 ita
1083 3397 1230 3481 quidem,
1259 3401 1298 3462 ut
1327 3400 1385 3461 sut
1415 3418 1513 3461 unum

345 3499 550 3565 enuntiatum
580 3499 807 3566 secundarium
838 3501 933 3566 alteri
963 3502 1169 3567 subiunctum
1203 3508 1261 3568 unt
1293 3502 1384 3587 prius
1416 3525 1513 3568 enun-

345 3607 464 3673 tiatum
483 3606 708 3672 secundarium
729 3608 832 3673 artius
851 3629 924 3672 cum
944 3610 1111 3674 enuntiato
1130 3610 1287 3694 primerio
1307 3610 1514 3675 coniunctum

346 3716 446 3798 esset,
478 3735 576 3797 quem
606 3713 746 3779 alterum
776 3715 980 3779 enuntiatum
1011 3715 1250 3799 secundarium,
1279 3717 1398 3801 quippe
1429 3713 1513 3800 quod

345 3819 502 3904 penderet
520 3841 559 3883 ex
581 3819 649 3883 illis
677 3843 774 3884 unam
799 3821 892 3904 qussi
921 3821 1116 3886 sententiam
1147 3821 1372 3887 efficientibus.
1418 3821 1514 3886 Dicta

345 3926 448 4010 igitur
477 3929 586 3989 essent
614 3926 713 3990 verbe
749 3926 808 3990 ills
838 3929 895 3990 eut
923 3948 995 4009 pro:
1028 3964 1066 3974 -
1092 3930 1250 4011 asportati
1280 3933 1354 3993 saut
1381 3929 1513 4010 victora,

345 4037 395 4110 ut,
431 4031 680 4112 quia-arduum,
716 4032 786 4096 belli
822 4034 890 4096 iure
918 4034 1073 4118 caderent,
1110 4038 1167 4098 aut
1198 4056 1258 4118 pro
1295 4036 1390 4117 qued,
1426 4036 1512 4116 meia-

346 4139 494 4221 arduam,
521 4139 680 4221 aspaaatt
708 4144 781 4202 suat
809 4140 948 4224 victora,
977 4145 1013 4204 ut
1040 4141 1111 4205 belli
1135 4142 1237 4223 potius
1274 4143 1342 4206 iure
1368 4143 1514 4206 caderesrt.

347 4243 411 4309 Sed
435 4242 463 4308 si
491 4244 552 4309 hue
578 4246 704 4310 ratione
731 4244 830 4310 verbu
857 4249 970 4310 nostra
997 4247 1242 4332 transponimus
1270 4247 1304 4312 id
1330 4247 1453 4332 ipsum,
1481 4247 1514 4310 in

346 4370 410 4434 quo
452 4351 642 4437 offenditur,
677 4351 697 4415 i.
728 4374 754 4418 e.
793 4352 928 4417 insolitu
965 4353 1125 4419 enuntiati
1165 4355 1206 4419 ab
1248 4359 1292 4419 ut
1329 4354 1513 4438 incipientis

347 4455 519 4522 collocatio
547 4458 779 4524 molestissime
806 4459 919 4525 fertur.
965 4460 1097 4525 Mtilleri
1126 4460 1230 4544 igitur
1259 4460 1416 4546 exemplis
1443 4480 1513 4544 pro·

819 469 1038 534 -82-
