3158 5226
659 473 993 548 ¹-eo-

302 634 418 697 annius
439 634 680 697 animo-cuncta
702 633 855 715 utrimque
871 633 1061 714 perlustrat:
1088 635 1117 698 si
1132 638 1271 716 pcrpcret
1297 635 1333 698 in
1359 634 1477 719 urbem,

302 739 423 803 nnllam
446 738 542 820 officii
567 739 704 821 proteum
732 739 768 802 in
797 739 925 802 alterius
953 738 1097 803 honorem
1125 740 1269 824 suseepti,
1298 761 1335 804 ao
1363 761 1395 806 se
1424 742 1477 805 Vi-

303 845 383 910 tellio
411 847 472 910 sice
497 843 609 909 Otleoni
636 844 769 909 obsidem
796 844 880 925 sore·
905 844 1141 930 -1170,10:
1170 847 1279 911 acum
1306 847 1418 912 Valens
1447 853 1479 912 ct

303 949 449 1035 Caecina,
481 951 748 1032 monstrabantque
770 971 896 1032 pupnae
925 949 1018 1016 locos:
1047 951 1119 1016 linc
1140 953 1294 1035 inrupisse
1321 953 1478 1035 lepronum
1570 1031 1571 1034 Ἴ

302 1076 420 1140 apmen,
433 1057 505 1122 lino
518 1059 629 1140 equites
642 1061 765 1141 coortos,
783 1058 854 1122 inele
867 1057 1070 1138 circumfusas
1083 1060 1274 1124 anciliorum
1288 1080 1419 1136 monus‚·
1438 1097 1477 1106 -
1570 1053 1571 1064 ¹

303 1161 540 1248 An.131,13:
571 1165 671 1247 ipitur
701 1165 807 1228 audito
839 1163 901 1244 tine
931 1166 1067 1246 Aupusti
1097 1166 1261 1230 cannam
1292 1166 1477 1232 multitudo-
1570 1173 1571 1234 T

302 1270 428 1352 inplere
449 1275 613 1335 ceterorum
635 1271 726 1334 meles
748 1271 885 1336 animos:
907 1272 1023 1336 venisse
1045 1276 1173 1356 empus,
1195 1292 1254 1354 quo
1277 1275 1310 1336 et
1325 1294 1353 1356 q.
1369 1294 1407 1356 s,
1431 1309 1476 1320 -

303 1375 428 1460 34,15:
460 1376 576 1441 Italiae
603 1378 675 1442 inde
706 1396 898 1462 conscnsmn,
931 1377 1112 1444 Galliarum
1143 1379 1234 1461 tidem
1266 1379 1394 1444 extollit:
1426 1381 1478 1444 nil

250 1535 257 1556 ,
302 1501 434 1562 nsquam
464 1484 618 1548 turbidum
648 1489 705 1548 out
732 1484 864 1560 atrurn
888 1520 931 1530 -
958 1482 1006 1549 IV
1016 1484 1073 1568 30,
1088 1483 1121 1548 9:
1152 1485 1310 1568 namrqn
1341 1488 1375 1550 in
1404 1507 1478 1550 eam
1570 1533 1571 1542 κ

303 1589 492 1674 sententiam,
515 1589 550 1653 ni
563 1624 607 1634 —
621 1588 737 1654 Caesar
758 1591 874 1654 inritos
896 1590 980 1674 lepos,
1002 1611 1068 1655 rem
1083 1591 1242 1674 problicam
1260 1593 1295 1655 tn
1306 1593 1479 1676 praecipiti

303 1699 479 1775 conquestus
500 1700 589 1760 essct:
618 1696 820 1761 subverterent
834 1698 941 1779 potius
963 1698 1051 1781 iura,
1080 1718 1174 1779 qnam
1203 1699 1337 1763 custodes
1367 1719 1478 1764 corum
1570 1727 1571 1730 ¹

230 1891 233 1899 Ι
303 1806 492 1877 amonerent;
522 1837 566 1848 -
596 1801 633 1866 ef.
649 1801 710 1867 An.
725 1802 786 1868 X'V
806 1804 855 1887 ll,
872 1805 906 1867 l:
939 1805 1050 1868 alneum
1080 1805 1160 1868 inter
1189 1824 1220 1868 se
1251 1805 1347 1869 breois
1375 1825 1479 1870 sermo
1570 1827 1571 1876 ξ

303 1912 420 1972 seontns
442 1912 492 1992 cst,
514 1907 569 1972 loo
590 1913 785 1990 conquerente
806 1910 872 1972 iam
894 1911 1026 1974 inritum
1044 1909 1192 1974 laborem:
1208 1911 1345 1992 potuisse
1362 1911 1479 1976 tellum
1570 1959 1571 1994 ,

301 2013 379 2096 fnpa
416 2013 605 2079 Partlcommn
640 2016 737 2096 [iniri.
773 2025 825 2062 -'
853 2015 901 2080 VI
923 2017 963 2081 31
988 2013 1073 2103 (37),
1095 2016 1148 2081 18:
1186 2015 1357 2101 Phraaten,
1392 2020 1480 2100 repis
1526 2051 1530 2056 ·
1570 2033 1571 2064 ὲ

303 2119 453 2184 Phraatis
475 2121 587 2205 pilium,
606 2121 708 2186 Roma
724 2122 903 2206 poscebant:
925 2123 1049 2186 nomine
1067 2127 1188 2186 tantrrm
1206 2128 1235 2186 et
1251 2127 1372 2188 onctmc
1388 2144 1480 2209 moros,
1570 2171 1571 2190 1

303 2230 339 2290 ut
356 2229 389 2291 et
404 2249 433 2310 q.
449 2248 489 2311 s.;
509 2263 549 2273 -
560 2226 622 2292 XV
641 2229 669 2313 1,
687 2229 740 2293 10:
759 2230 849 2312 idque
860 2230 1015 2310 primores
1029 2230 1167 2311 pontium
1181 2250 1268 2312 oepre
1287 2230 1480 2295 tolerabant:

303 2353 335 2397 eo
366 2334 595 2416 contemptionis
626 2335 812 2419 descensum,
844 2340 880 2399 nt
902 2339 935 2400 et
950 2358 979 2420 q.
996 2357 1037 2419 s.;
1060 2372 1103 2381 -
1129 2336 1179 2420 19,
1194 2336 1228 2400 5:
1257 2357 1372 2419 mapua
1403 2357 1481 2402 cnm
1570 2393 1571 2422 3

303 2440 578 2505 antunnacum
592 2441 720 2526 aurion
742 2443 793 2506 tu
814 2446 958 2527 muru,
977 2442 1138 2507 tuuc...
1153 2443 1368 2508 commarca
1381 2444 1480 2527 acup-
1570 2425 1571 2438 '

305 2547 397 2611 tionis
419 2552 613 2612 enumerant:
642 2547 719 2611 sotis
746 2548 840 2628 pretii
867 2567 928 2612 esse
957 2548 1037 2614 orbis
1066 2550 1147 2630 quod
1177 2549 1276 2614 multa
1304 2549 1480 2634 securitate,
1570 2617 1571 2624 ,

302 2653 400 2718 nullis
413 2653 554 2718 oneribus
564 2653 702 2735 aratiam
715 2652 843 2719 lonmcs
856 2659 964 2719 cuncta
971 2660 1119 2738 prorupta
1131 2660 1160 2720 et
1177 2656 1265 2722 obuia
1272 2655 1479 2722 luberent-
1570 2659 1571 2720 3

304 2757 439 2824 Accedit
465 2758 572 2824 forme
599 2759 864 2843 interrogationis
888 2761 1082 2827 rhetoricae:
1115 2761 1156 2827 H.
1170 2761 1273 2847 1148,
1295 2763 1314 2828 8
1340 2785 1365 2828 s.
1400 2783 1480 2828 mon
1570 2755 1571 2836 ᾗ

303 2864 446 2930 Saleium
477 2865 812 2932 Cocceianum-solatus
838 2872 894 2950 est,
924 2867 1080 2933 laudando
1105 2870 1268 2954 pictatem,
1295 2871 1479 2952 castipando
1570 2935 1571 2940 ,

301 2973 514 3052 formidinem:
537 2993 580 3036 on
605 2973 761 3038 Vitellium
779 2978 844 3038 tam
866 2975 997 3040 immitis
1013 2977 1115 3040 animi
1131 2976 1206 3060 sore,
1228 2981 1263 3040 ut
1285 2980 1318 3041 et
1333 2998 1362 3060 q.
1376 2971 1477 3062 s.;'-—
1570 2965 1571 2994 ³

302 3076 350 3142 IV
366 3079 418 3163 69,
432 3080 468 3143 8:
490 3080 637 3143 deterruit
651 3080 813 3162 plerosquo
828 3082 1066 3164 prouinciarum
1087 3083 1268 3148 aemulatio:
1295 3084 1376 3165 qnod
1397 3083 1479 3150 bello
1570 3163 1571 3174 ,

302 3184 416 3267 caput?
444 3186 525 3250 uncle
552 3186 602 3249 ins
629 3186 859 3268 auspiciumque
879 3187 1055 3271 peteretur?
1078 3225 1119 3235 -
1143 3189 1205 3254 An.
1221 3189 1317 3274 vlo,
1336 3190 1390 3254 13:
1413 3193 1481 3273 epit
1570 3225 1571 3232 κ

299 3293 399 3374 pratis
417 3292 635 3358 benevolentiae
646 3296 794 3374 patrum:
812 3295 866 3358 sal
881 3315 956 3377 quos
974 3296 1074 3360 omitti
1089 3316 1187 3380 posse,
1210 3316 1285 3378 quos
1298 3296 1415 3379 delipi?
1430 3333 1479 3346 —-
1570 3307 1571 3384 3

305 3397 411 3464 Unum
435 3399 541 3464 locum
566 3397 765 3485 invenimus,
795 3422 858 3485 quo
888 3401 1024 3466 verbum
1054 3401 1185 3467 finitum
1215 3402 1376 3468 enuntiati
1405 3403 1477 3489 pri·
1570 3409 1571 3414 ’

303 3506 398 3570 marii
421 3527 480 3571 nec
502 3507 569 3571 vim
599 3505 726 3572 dicendi
755 3527 815 3572 neo
844 3507 1021 3593 sentiendi,
1050 3509 1108 3594 ,sed
1141 3509 1258 3594 egendi
1287 3509 1404 3594 habel,
1436 3533 1479 3578 ae
1570 3493 1571 3568 ἶ

301 3616 412 3677 tamen
435 3612 465 3678 ei
489 3612 697 3698 subiungitur
720 3613 825 3678 oratio
845 3614 986 3699 obliqua,
1009 3615 1086 3700 quie
1103 3615 1310 3681 coniunctum
1329 3620 1380 3681 est
1398 3637 1480 3684 cum
1570 3611 1571 3616 ’

301 3718 434 3784 notione
458 3719 597 3785 dicendi:
628 3718 713 3784 H.V
730 3721 819 3804 ll,l
846 3741 899 3786 nec
929 3720 1038 3786 Oioilis
1069 3723 1162 3788 silens
1190 3723 1341 3788 instrunit
1367 3724 1480 3810 aciem,
1570 3751 1571 3788 3

239 3830 242 3835 ’
302 3825 400 3890 mcum
416 3847 542 3909 pupnae
564 3831 665 3891 testem
695 3827 818 3892 virtutis
844 3830 943 3893 ciens:
972 3833 1054 3894 stare
1081 3827 1254 3895 Germanos
1275 3829 1481 3914 Batauosque

300 3953 392 4016 snper
414 3933 540 4014 oestipia
558 3933 677 4015 ploriae
699 3936 733 3998 et
749 3956 778 4018 q.
794 3955 818 3999 s.
