3152 5222
398 839 460 907 De
487 837 714 906 verborum
741 835 964 904 omissione
991 835 1060 904 vel
1088 836 1390 918 suppressione.

398 969 437 1037 In
470 971 657 1037 universum
688 970 963 1056 praemittendum
996 975 1046 1035 est
1070 992 1137 1042 ¹nos
1169 971 1261 1035 valde
1293 971 1479 1056 improbare
1565 994 1566 1060 l

311 1078 396 1144 viem
419 1077 527 1165 illam,
549 1101 648 1163 quam
670 1078 861 1162 plerumque
884 1077 947 1143 viri
971 1077 1058 1142 docti
1089 1077 1193 1142 adhuc
1222 1078 1361 1164 ingressi
1394 1081 1481 1163 sunt,
1565 1089 1566 1124 l

310 1185 465 1250 materiae
489 1184 537 1250 ita
559 1183 810 1269 distribuendae,
834 1187 870 1249 ut
893 1188 950 1250 aut
969 1184 1126 1248 maiorem
1143 1184 1301 1250 haberent
1319 1184 1481 1249 rationem

310 1291 557 1376 significationis
586 1292 756 1356 verborum
784 1291 978 1356 omissorum
1002 1328 1046 1338 —
1069 1291 1288 1364 distinxenmt
1311 1292 1398 1356 enim
1420 1291 1483 1356 hac

310 1397 537 1463 laceratione:
560 1398 678 1463 desunt
698 1398 795 1462 verba
818 1398 954 1482 dicendi,
977 1396 1147 1482 sentiendi,
1170 1398 1298 1484 agendi,
1322 1399 1484 1484 movendi,

310 1503 389 1569 alia:
421 1503 460 1569 cf.
476 1503 639 1590 Schmidt,
670 1503 817 1590 Draeger
842 1541 879 1550 -
906 1507 964 1570 aut
986 1505 1060 1590 plus
1083 1504 1267 1570 tribuerent
1289 1505 1485 1590 quaestioni,

310 1614 420 1675 utrum
448 1612 540 1677 lieret
572 1610 705 1676 omissio
738 1611 773 1676 in.
804 1611 980 1676 enuntiatis
1013 1610 1176 1696 primariis
1209 1635 1250 1676 aa
1282 1613 1485 1678 secundariis

310 1713 364 1804 (cf.
378 1715 548 1806 Wetzell),
576 1740 674 1803 quam
704 1718 822 1803 quibus
846 1717 1088 1783 condicionibus
1116 1718 1291 1784 secundum
1320 1719 1485 1784 rationem

310 1824 556 1911 grammaticam
580 1824 776 1890 rhetoricam
799 1824 940 1910 logicam
963 1825 1095 1890 omnino
1115 1826 1192 1890 talis
1216 1825 1350 1890 omissio
1369 1831 1488 1911 posset
1566 1810 1567 1851 l

310 1929 450 1997 admitti.
478 1931 530 1995 Ad
553 1930 640 1996 idem
663 1931 750 1996 enim
764 1932 849 1996 redit
862 1931 1037 1997 secuudum
1052 1932 1212 1997 rationem
1233 1933 1487 2019 grammaticam
1566 1925 1567 1944 ³

311 2035 525 2123 logicamque,
548 2037 577 2102 si
600 2038 732 2103 omnino
756 2037 896 2102 elocutio
919 2037 967 2103 ita
994 2038 1198 2105 conformata
1228 2044 1294 2124 est,
1323 2043 1360 2104 ut
1388 2042 1488 2106 notio

310 2143 422 2228 aliqua
444 2143 554 2209 omitti
576 2146 695 2230 possit,
717 2149 828 2210 utrum
850 2144 985 2210 verbum
1008 2144 1135 2209 dicendi
1158 2169 1199 2210 an
1222 2145 1349 2233 agendi,
1371 2151 1489 2212 utrum

311 2249 345 2314 in
367 2250 537 2316 enuntiato
559 2251 715 2337 primario
739 2274 782 2316 an
804 2252 992 2317 secundario
1016 2252 1195 2317 omittatur.
1232 2253 1347 2338 Itaque
1370 2276 1431 2318 nos
1452 2255 1491 2319 in

310 2378 349 2422 eo
367 2356 602 2444 laboravimuS,
620 2361 658 2423 ut
676 2381 716 2424 ex
729 2362 855 2423 ratione
869 2359 1084 2442 grammatica
1101 2363 1135 2423 et
1153 2359 1261 2444 logica
1280 2359 1492 2426 condiciones

311 2463 498 2530 omissionis
528 2465 635 2551 primo
664 2466 736 2531 loco
766 2464 1015 2550 collocaremus,
1045 2466 1185 2531 secundo
1215 2470 1249 2531 et
1276 2467 1376 2532 tertio
1410 2467 1492 2533 loco

311 2591 557 2658 quaereremus,
592 2577 702 2637 utrum
742 2570 877 2637 omissio
915 2571 1086 2637 verborum
1123 2572 1242 2657 agendi
1274 2573 1400 2637 dicendi
1435 2575 1494 2662 al,
1567 2641 1568 2644 ,

311 2679 485 2762 utrumque
512 2678 547 2744 in
573 2679 751 2744 enuntiatis
781 2679 945 2764 primariis
975 2702 1019 2744 an
1047 2679 1245 2745 secundariis
1272 2679 1360 2744 iacta
1387 2688 1493 2748 esset.

399 2817 470 2885 NB.
498 2819 610 2887 'Locos
633 2821 781 2909 singulos
805 2822 1036 2908 adscripsimus
1060 2821 1236 2887 secundum
1258 2844 1411 2888 numeros
1437 2847 1493 2890 re-

311 2925 509 3012 cognitionis
533 2926 727 2994 Halmianae
748 2929 875 2995 tertiae.
