3152 5222
784 535 826 547 ..
874 498 915 564 13
960 533 1004 543 ..

308 669 432 752 olipseict
447 665 610 748 affectus
623 663 680 728 uel
692 662 773 726 irae
789 655 843 745 (cf.
854 656 980 742 Vergil.
993 655 1072 721 Aen.
1087 654 1103 721 Ι
1120 655 1182 719 137
1197 675 1271 736 qums
1283 676 1335 738 epo
1350 659 1382 720 et
1396 678 1426 740 q.
1436 653 1473 741 s.)

306 777 365 841 oel
396 769 681 840 sollicitudinis
712 771 747 831 et
776 765 884 848 qnasi
915 763 1136 845 relipionis:
1165 758 1218 847 (cl.
1242 760 1308 828 (lia
1331 784 1389 846 pro
1408 762 1475 826 Mil.
1562 769 1563 790 ¹

310 883 360 966 12,
379 877 436 966 33)
455 878 532 962 „An
554 875 647 940 noun
664 874 717 939 ille
735 874 821 956 lepis,
843 891 938 954 onum
957 865 1082 934 Cloelius
1100 891 1121 933 o
1139 889 1171 933 se
1188 869 1345 933 incentum
1359 869 1474 952 plocio-

307 994 374 1073 tur,
401 986 585 1050 mentionem
605 979 706 1061 focem
728 999 824 1044 ausus
846 981 920 1043 esset
941 978 1008 1041 uiuo
1030 975 1162 1058 Milone,
1189 995 1253 1040 non
1278 976 1382 1040 decom
1408 995 1474 1040 con-

253 1149 256 1155 ,
305 1094 395 1162 mole?
418 1094 454 1158 de
475 1094 615 1156 nostrum
637 1088 720 1152 enim
742 1085 882 1150 omnium
904 1117 948 1128 -
965 1102 1029 1146 non
1051 1083 1147 1146 audeo
1170 1087 1266 1146 totum
1288 1079 1475 1148 diceret“...

306 1201 361 1267 oel
392 1199 474 1266 olio
502 1193 725 1262 transeundi
753 1191 885 1276 prolia
918 1185 971 1276 (cf.
999 1187 1116 1274 fragm.
1140 1186 1284 1255 Ciceron.
1312 1192 1392 1253 orat.
1416 1209 1474 1272 pro

308 1303 487 1392 Cornelio):
516 1301 704 1390 „Cominius
725 1303 829 1363 mmmm
844 1291 1204 1700 *parson
1225 1294 1304 1360 mili
1333 1292 1475 1360 indices“.

306 1413 397 1479 Haec
413 1413 512 1478 verba
529 1412 605 1476 ante
619 1405 730 1473 omnia
749 1402 872 1488 aliquid
1041 1401 1047 1415 '
1082 1400 1167 1486 quod
1187 1400 1226 1466 ud
1247 1401 1475 1485 aposiopeseos

306 1519 480 1586 historiam
507 1515 663 1602 pertinet,
693 1512 817 1576 habent
1091 1508 1156 1572 uod
1191 1508 1381 1592 accipimuS,
1412 1529 1475 1592 quo
1562 1505 1563 1526 ¹

308 1626 404 1692 modo
438 1623 607 1690 Cornelius
641 1613 784 1686 Celsus*
820 1635 862 1702 ap
1066 1615 1206 1700 figuram
1245 1618 1401 1679 nostram.
1433 1650 1477 1661 —

306 1731 447 1797 Ibidem:
470 1728 647 1810 §su-57
669 1724 890 1803 Quintilianus
914 1719 1121 1805 aposiopesin
1149 1721 1288 1785 secernit
1311 1744 1331 1785 a
1353 1721 1477 1806 digres-
1562 1757 1563 1820 ,

307 1839 410 1921 sioue3
433 1836 514 1900 lunc
536 1836 618 1900 enim
635 1833 714 1917 fieri,
737 1851 807 1896 cum
825 1828 992 1894 orationem
1010 1828 1091 1891 uelut
1106 1832 1179 1892 onte
1197 1827 1365 1910 lepitimnm
1382 1828 1477 1910 tinem
1562 1889 1563 1908 ,

301 1944 529 2029 praecidimms5
557 1941 610 2007 scol
637 1959 701 2004 mon
722 1958 784 2003 esse
806 1934 985 2020 imperfecti,
1014 1955 1102 2016 quem
1127 1935 1284 2013 relinquat
1310 1935 1478 2020 reticentia,

305 2051 465 2118 smmonis.
511 2047 605 2125 Quod
629 2044 706 2132 quid
730 2043 793 2108 sibi
816 2042 896 2108 velit
919 2041 1145 2126 cognoscimus
1169 2064 1208 2106 ex
1232 2040 1297 2105 alio
1326 2042 1396 2106 loco
1423 2042 1477 2127 qui

307 2157 430 2243 legitur
456 2154 570 2221 eodem
605 2153 707 2236 libro,
741 2152 776 2234 3,
803 2149 860 2215 58:
888 2148 934 2212 At
963 2169 1041 2230 quoa
1065 2139 1124 2230 per
1153 2148 1368 2213 detructimeem
1396 2149 1480 2230 finnt
1562 2159 1563 2196 ³

306 2266 438 2348 fipmoc,
461 2262 615 2329 breuitatis
636 2259 841 2339 novitatisque
863 2257 998 2320 monime
1020 2257 1159 2338 prolium
1184 2258 1311 2339 petent·
1343 2275 1479 2336 quorum
1562 2251 1563 2332 l

305 2391 372 2435 cmo
395 2373 439 2435 est
460 2389 510 2452 eo,
544 2387 637 2448 quom
665 2365 742 2429 libro
759 2363 904 2445 monimo
928 2358 981 2447 (cf.
999 2359 1082 2427 VIII
1101 2362 1137 2447 6,
1156 2359 1213 2449 20)
1232 2363 1267 2426 in
1293 2361 1415 2444 fipmos
1443 2379 1480 2425 eo
1562 2411 1563 2454 ,

307 2475 494 2560 συνεκδοχῇ
513 2473 630 2557 listeeli,
653 2491 722 2536 cum
740 2469 929 2534 subtractum
943 2467 1065 2532 emtum
1084 2469 1212 2550 oliqceocl
1223 2473 1298 2534 sotis
1319 2485 1356 2532 cc
1373 2469 1480 2533 ceteris
1562 2479 1563 2552 ξ

306 2582 513 2666 intellepitm;
537 2583 573 2644 nt
595 2577 718 2643 Coelius
740 2575 775 2639 in
798 2573 973 2639 Antonium
995 2579 1137 2659 „stupere
1159 2577 1276 2657 pontio
1300 2573 1479 2652 croam&
1562 2639 1563 2650 ,

218 2743 225 2760 .
306 2690 401 2754 samoe
422 2688 505 2753 aaa
528 2685 658 2751 ametor
681 2678 828 2768 „eoam
851 2684 884 2746 u
903 2703 932 2764 q.
947 2703 972 2745 s.
1019 2679 1080 2746 cot
1096 2683 1215 2747 seneca
1237 2686 1311 2748 auc
1331 2681 1389 2745 teu
1412 2700 1479 2746 aa

306 2903 593 3076 hmmssNocimus
614 2991 643 3052 et
666 2986 719 3068 qni
742 2989 783 3068 te,
807 2987 983 3049 transuerso
1007 2983 1158 3050 tuentibus
1180 2984 1287 3068 liceis,

306 2794 431 2878 quidem
453 2793 583 2878 imolieio,
609 2791 644 2855 in
670 2788 781 2872 quotics
802 2788 893 2854 cerlo
919 2789 1055 2853 decenter
1071 2790 1204 2872 pislerio
1227 2789 1335 2872 potio
1357 2786 1481 2852 subtre-

418 3096 464 3160 Et
478 3115 550 3179 qno,
568 3095 621 3160 sul
635 3092 744 3172 faciles
758 3089 920 3174 Npmplae
932 3091 1034 3174 risere,
1052 3091 1171 3156 sacello.
1178 3088 1196 3122 “
1210 3087 1321 3177 (Verg.
1331 3089 1426 3176 ecl3,
1436 3087 1480 3177 8.)
1562 3071 1563 3116 ³

396 3199 492 3266 Hunc
506 3200 638 3284 puidam
654 3198 846 3282 aposiopesim
857 3201 985 3281 putent,
1004 3233 1046 3244 —
1065 3191 1117 3282 (ef.
1133 3197 1176 3263 M.
1194 3195 1319 3261 Plotii
1345 3193 1481 3262 Sacer·
1562 3215 1563 3296 j

309 3308 414 3376 dotis
429 3307 542 3392 verba,
557 3327 693 3391 gramm.
711 3305 769 3369 lat
788 3304 836 3369 ed.
850 3301 934 3368 Keil.
953 3303 1017 3368 vol.
1036 3302 1083 3368 VI
1102 3327 1132 3388 p.
1146 3304 1227 3368 468:
1249 3323 1287 3368 ec
1304 3303 1361 3367 loc
1373 3304 1482 3386 tomum
1562 3299 1563 3384 l

216 3399 220 3408 ⁴
309 3414 366 3504 (sc.
390 3408 604 3500 synecdoche)
627 3415 800 3477 ncsmmtm
825 3412 921 3476 dnae:
943 3410 1129 3494 aposiopesis
1155 3415 1184 3475 et
1208 3409 1399 3494 epidiomsis
1419 3435 1482 3496 ...;

307 3538 574 3551 —...-—-——

397 3621 506 3680 *cusi
528 3619 670 3677 rhetorice
696 3620 849 3691 praecepte
871 3636 889 3674 a
907 3617 1080 3684 Quintiliano
1099 3619 1263 3690 plerumque
1282 3617 1484 3690 vituperantur
1515 3638 1519 3646 ·
1562 3603 1563 3668 ἕ

308 3729 342 3767 ac
366 3711 524 3767 refutantur
548 3709 594 3780 (cf.
614 3708 730 3776 Quintil.
751 3707 795 3765 ed.
813 3707 940 3764 Bonnell.
955 3726 984 3779 p.
999 3713 1052 3763 284
1074 3705 1152 3778 ind.).
1189 3706 1341 3776 Duialas,
1369 3711 1482 3776 quaest.
1562 3745 1563 3764 .

308 3798 443 3856 Rutilium
458 3816 486 3869 p.
502 3803 516 3852 'l
537 3796 696 3869 suspicatur
710 3796 834 3866 Celsum,
854 3813 916 3851 eum
934 3794 964 3850 in
977 3795 1072 3866 capite
1086 3796 1126 3850 111
1139 3795 1206 3850 libri
1220 3796 1259 3850 IX
1273 3813 1290 3850 a
1305 3794 1483 3861 Quintiliano
1562 3779 1563 3844 ἶ

264 3883 266 3890 ’
309 3889 344 3944 de
363 3886 461 3958 figuris
479 3886 628 3941 verborum
647 3884 752 3956 scripto
775 3883 856 3940 testis
880 3883 982 3938 citatus
1005 3900 1063 3939 non
1086 3887 1171 3952 esset,
1195 3884 1308 3940 omnino
1327 3885 1362 3940 de
1380 3885 1483 3954 figuris
1562 3881 1563 3970 J

308 3978 457 4035 verborum
480 3992 537 4030 non
564 3973 719 4045 scripsisse.
757 3973 812 4028 Sed
840 3974 872 4026 ut
895 3970 1006 4027 Celsum
1028 3990 1084 4028 non
1112 3973 1265 4030 advocaret
1288 3972 1483 4039 Quintilianus
1562 3977 1563 3990 ¹

309 4065 404 4138 potius
423 4062 540 4120 fortuito
560 4062 667 4118 factum
685 4078 746 4118 esse
764 4059 824 4116 veri
843 4059 962 4116 similius
981 4060 1094 4118 videtur
1113 4062 1223 4118 collatis
1246 4062 1321 4120 intur
1345 4079 1375 4119 se
1398 4063 1482 4132 locis,
1562 4059 1563 4108 i

309 4154 359 4224 qui
385 4153 518 4224 leguntur
546 4153 621 4223 apud
646 4150 849 4217 Quintilianum
868 4149 907 4203 IX
922 4156 950 4218 1,
970 4156 1003 4205 18
1018 4153 1048 4206 et
1061 4150 1096 4208 ib.
1113 4157 1274 4208 loo-102:
1294 4183 1327 4194 -·
1342 4151 1381 4206 IX
1396 4159 1423 4219 1,
1446 4158 1483 4207 18
1562 4139 1563 4158 ¹

311 4243 479 4314 „Cornelius
496 4248 588 4296 tamen
606 4241 698 4296 Celsus
716 4241 802 4296 adicit
820 4240 907 4294 cerlis
921 4245 945 4293 el
963 4229 1103 4295 sententiis
1120 4241 1224 4312 fipncas
1238 4242 1371 4310 colorum,
1388 4242 1484 4297 nimiu
1562 4245 1563 4270 ³

306 4332 429 4403 profecto
447 4332 578 4386 nouitatis
597 4331 746 4402 cupiditate
764 4330 901 4396 ductns“;
915 4359 949 4369 -
964 4326 1002 4384 ib.
1017 4334 1046 4396 2,
1068 4335 1215 4386 100-102
1236 4346 1364 4400 expresse
1382 4345 1483 4385 narra-
1562 4331 1563 4338 ’

307 4423 367 4487 tur,
387 4417 497 4473 Celsum
516 4417 637 4487 Rutilio,
656 4436 740 4488 quem
754 4415 857 4472 seimus
872 4416 964 4487 egisse
978 4419 1008 4472 et
1021 4417 1057 4472 de
1072 4417 1273 4474 sententiarum
1287 4421 1316 4474 et
1329 4418 1484 4474 verborum

302 4505 414 4594 figuris,
432 4504 519 4562 luisse
538 4507 727 4562 accedentem.
