3152 5222
781 480 1001 544 „63-

304 640 353 704 die
384 639 506 720 sumeris
534 639 646 706 milites
677 639 758 705 uelut
781 640 938 723 praesidio
966 644 1080 724 stetere,
1112 639 1243 703 madium
1265 637 1482 721 iuridmtibus,

303 747 359 828 qui
381 750 414 811 et
431 769 461 831 q.
477 767 557 830 sequ
584 765 667 811 uumc
692 767 794 811 seuam
814 747 1002 831 prinoipem,
1035 747 1126 828 loupa
1153 747 1308 829 putentia,
1341 746 1483 828 prouisis

304 854 397 917 etiam
419 852 562 918 heredum
584 854 620 917 iu
646 873 711 917 rem
727 852 886 934 publicam
914 853 1031 936 apibus,
1063 853 1182 916 auailio
1208 853 1320 917 seilicet
1345 853 1482 916 militari

265 971 268 979 '
305 961 465 1036 tumdma,·
496 995 531 1007 —
559 959 616 1044 38,
635 960 748 1044 bseq:
772 959 967 1042 praesidium
993 959 1032 1022 ab
1059 959 1192 1022 audacia
1214 963 1387 1034 mutuatim
1413 979 1482 1022 riou

299 1065 490 1148 praesectum
522 1065 560 1130 ab
590 1067 644 1149 iis,
677 1066 730 1130 sed
752 1065 973 1130 Germmeieum
1000 1066 1117 1149 ducem,
1148 1066 1201 1130 sed
1231 1065 1387 1130 Tiberium
1418 1068 1481 1129 im-

298 1177 472 1256 peratorem
494 1173 622 1248 molari·
645 1209 680 1220 -
703 1173 783 1236 item
797 1171 838 1236 H.
852 1170 883 1236 V
898 1172 928 1256 2,
942 1171 963 1236 5
977 1191 1055 1255 seq:
1080 1177 1295 1252 arpmumtum
1317 1193 1332 1236 e
1354 1174 1483 1236 momine

298 1281 433 1362 petitur:
463 1279 612 1344 inclutum
642 1280 676 1342 iu
700 1276 790 1343 (beta
819 1277 913 1342 Iam
942 1283 1088 1362 moram,
1117 1278 1235 1343 accolas
1256 1278 1367 1344 Idaeos
1390 1284 1482 1343 aucto

304 1387 340 1450 iu
365 1385 531 1449 barbarum
554 1390 746 1468 capuameuto
765 1385 898 1450 ludaeos
919 1385 1064 1460 uooimri·
1086 1421 1123 1432 -·
1145 1384 1482 1470 An.1113‚11seq.:

304 1493 439 1556 iuamdit
479 1512 514 1554 ea
551 1491 733 1556 contumelia
774 1490 925 1572 lepimum
961 1492 1043 1555 iras:
1083 1492 1198 1555 amiret
1236 1493 1312 1576 aas,
1352 1494 1485 1557 daretem

301 1618 428 1681 pupum
450 1602 646 1681 sumpturum
676 1597 805 1662 militem
828 1597 1055 1662 Germauorum
1077 1617 1183 1682 apros,
1215 1603 1385 1662 bammum
1407 1620 1482 1666 core-

306 1706 389 1786 iupes
412 1708 445 1769 et
468 1727 498 1788 q.
518 1725 547 1788 ι,
581 1740 617 1750 -
650 1704 701 1787 70,
722 1705 737 1767 1
755 1725 835 1788 seq:
877 1703 930 1767 Ea
954 1703 1139 1768 Gmumuico
1170 1705 1257 1769 baud
1288 1706 1393 1770 miuus
1425 1708 1484 1769 ira

305 1832 398 1893 queam
422 1833 481 1894 per
509 1814 623 1875 metim
651 1814 786 1892 accepta:
809 1811 838 1874 si
867 1810 958 1875 limeu
993 1811 1189 1895 obsideretur,
1218 1813 1247 1876 si
1275 1812 1485 1891 effuudendus

304 1919 433 2001 spiritus
473 1917 527 1981 sub
558 1917 652 1982 oculis
682 1917 880 1980 mimicorum
907 1917 998 1996 foret,
1036 1919 1111 1999 quid
1145 1919 1253 1983 deiude
1285 1920 1486 1984 miserrimae

305 2025 439 2106 oauiupi,
471 2025 547 2106 quid
576 2022 749 2103 iufautibus
781 2022 884 2086 liberis
915 2024 1113 2088 euenturum?
1148 2061 1185 2070 —
1220 2024 1270 2090 ΙΙΙ
1288 2025 1341 2110 10,
1361 2027 1483 2111 2seq.:

305 2135 410 2195 coutm
429 2130 568 2195 Vitellius
591 2150 627 2194 ae
655 2129 1046 2207 Veranius...teudebaut;
1073 2131 1178 2196 mullas
1200 2152 1260 2196 esse
1275 2137 1383 2215 partes
1408 2133 1485 2197 Tri-

305 2238 358 2301 oui
379 2257 474 2318 aeque
495 2257 526 2301 se
544 2241 730 2301 accusatores
750 2239 782 2299 et
798 2258 828 2319 q.
844 2258 868 2300 s.
887 2233 1064 2322 (tendere
1083 2236 1169 2302 enim
1188 2237 1327 2302 refertur
1345 2240 1484 2324 quidem

306 2343 346 2407 ad
369 2343 499 2408 verbis
523 2343 696 2426 tendere,
720 2341 775 2406 sed
799 2363 863 2406 non
887 2345 956 2407 tam
975 2344 1195 2408 accusativum
1214 2365 1287 2409 cum
1305 2346 1484 2432 infinitivo,

306 2471 403 2534 quam
437 2451 643 2514 enuntiatum
676 2449 715 2513 ab
748 2450 790 2511 ut
823 2448 980 2533 incipiens
1012 2447 1187 2537 postulat);
1221 2487 1260 2498 ——
1287 2452 1343 2536 37,
1361 2453 1381 2516 6
1397 2475 1485 2538 seq:

304 2576 399 2638 aeque
422 2557 512 2620 limus
534 2558 568 2619 iu
586 2558 692 2620 iuuene
709 2555 783 2618 adeo
802 2556 987 2638 displicebat:
1010 2556 1068 2621 lmo
1079 2559 1184 2642 potius
1201 2559 1373 2636 iuteuderet,
1396 2561 1485 2624 diem

304 2663 576 2744 aedificationibus,
604 2667 719 2726 uacum
744 2641 890 2726 mucidiis
908 2662 1039 2727 trabemt
1056 2666 1089 2727 et
1110 2686 1139 2748 q.
1161 2685 1199 2749 s.;
1222 2699 1266 2710 -
1289 2665 1341 2750 59,
1361 2667 1484 2751 bseq:

304 2770 447 2833 recitatae
478 2774 506 2832 et
533 2768 634 2833 Drusi
670 2769 816 2851 epistdm
838 2818 845 2833 .
864 2817 895 2833 ..
919 2789 980 2850 pro
1011 2771 1238 2853 superbissimis
1268 2774 1485 2855 accipiuntur,-

304 2875 363 2939 buc
392 2875 535 2939 decidisse
564 2880 672 2940 ouuota
698 2878 732 2939 et
745 2898 775 2959 q.
791 2898 830 2959 s.;
854 2911 895 2922 -
919 2874 967 2940 XI
987 2878 1149 2962 7,1seq.:
1177 2883 1205 2942 et
1229 2884 1394 2961 postquam
1422 2884 1484 2945 ad-

305 2985 382 3066 uuit,
405 3003 493 3065 apere
515 2983 682 3065 inaurium:
709 3002 798 3064 quem
821 2982 911 3046 illum
934 2987 1021 3047 tauta
1043 2985 1186 3067 superbia
1204 3005 1274 3069 esse,
1296 2991 1331 3049 ut
1347 2991 1486 3052 aeterni-

306 3094 397 3153 tatem
418 3089 524 3169 famae
546 3109 597 3171 spe
609 3087 818 3172 praesumat?
843 3125 879 3134 -
901 3088 1099 3154 Insolentius
1119 3092 1263 3177 verbum,
1286 3093 1371 3177 quod
1390 3094 1487 3161 inter

307 3195 406 3260 verba
430 3193 591 3260 sentiendi
614 3194 780 3259 dicendive
803 3194 915 3260 haberi
937 3218 1003 3261 non
1025 3201 1145 3283 potest,
1167 3197 1215 3262 ita
1233 3203 1270 3263 ut
1289 3220 1327 3264 ex
1346 3222 1384 3264 eo
1403 3201 1485 3288 ipso

307 3302 412 3366 oratio
447 3302 581 3385 obliqua
613 3301 752 3385 pendere
784 3322 850 3365 non
885 3303 1004 3388 possit,
1040 3305 1186 3388 sequitur
1222 3309 1332 3370 tamen
1369 3311 1485 3375 oratio

308 3407 453 3494 obliqua,
482 3408 559 3492 quia
586 3407 693 3472 forma
715 3407 982 3494 interrogationis
1006 3409 1186 3475 rhetoricae
1210 3412 1292 3476 satis
1314 3413 1487 3482 indicatur

307 3519 436 3579 exstare
460 3514 675 3599 cogitationes
699 3514 751 3578 vel
774 3514 874 3578 verba
899 3535 1024 3601 eorum,
1048 3516 1086 3580 de
1115 3516 1232 3601 quibus
1261 3517 1378 3603 agitur.
1416 3524 1486 3592 An.

308 3619 324 3683 I
339 3621 422 3705 41‚2
438 3642 516 3705 seq:
528 3623 716 3703 pemitusque
729 3641 765 3684 ao
772 3621 918 3704 plauctus
932 3622 1024 3685 etiam
1042 3623 1177 3688 militum
1191 3645 1281 3689 aures
1295 3645 1408 3705 oraque
1423 3627 1484 3688 ad—

307 3731 433 3791 uertere:
450 3730 691 3809 praprediimtur
714 3728 935 3792 contuberniis:
958 3730 1027 3809 quis
1049 3730 1101 3794 ille
1122 3731 1233 3812 flebilis
1255 3731 1374 3796 samus?
1397 3735 1488 3812 qeeod

236 3901 242 3916 ⁸
309 3837 374 3896 tam
397 3833 502 3898 triste?
524 3835 660 3915 fauiuas
682 3835 838 3919 iuliestres,
865 3855 928 3898 uau
950 3838 1154 3901 oeuturiouem
1181 3839 1225 3903 ad
1250 3838 1387 3923 tutelam,
1415 3860 1485 3903 uam

309 3941 446 4025 militem,
468 3940 549 4004 uileil
571 3942 785 4023 imperatoriae
801 3942 910 4005 uaeris
928 3946 983 4005 aut
999 3945 1159 4009 comitatus
1176 3945 1275 4009 soliti:
1292 3963 1419 4026 paparo
1438 3947 1489 4010 aa

312 4047 453 4112 Trocmos
475 4043 531 4132 (et)
554 4051 695 4111 eauruae
716 4048 796 4128 fidei.
821 4083 863 4094 -
887 4046 1049 4133 Expressa
1072 4050 1390 4116 commemorandum
1417 4058 1484 4138 est,

310 4155 492 4218 orationem
524 4153 688 4237 obliquam
722 4153 763 4218 ab
796 4155 1001 4221 coniunctivo
1038 4157 1237 4242 prohibitiva
1269 4157 1485 4241 incipientem

311 4259 463 4325 similiter
486 4260 751 4324 antecedentibus
779 4259 964 4326 adiunctam
993 4285 1077 4328 esse:
1101 4263 1351 4348 An.11118,1:
1380 4267 1487 4330 multa

309 4385 347 4428 ea
369 4387 405 4428 eu
426 4372 574 4432 seuteute'a
596 4369 737 4450 mitipata
755 4372 828 4431 sum
848 4389 869 4431 a
881 4370 1039 4452 princepe:
1061 4391 1100 4434 ue
1116 4391 1225 4434 uomere
1246 4370 1371 4434 Pisoub
1386 4372 1487 4452 fastis

308 4473 489 4536 euimeretur
520 4477 553 4536 et
571 4495 601 4557 q.
619 4495 644 4538 s.
676 4510 719 4520 --
751 4474 789 4538 In
822 4475 895 4559 ipsa
925 4475 1071 4541 oratione
1104 4477 1238 4561 obliqua
1273 4477 1339 4541 alia
1370 4478 1484 4545 oratio
