3152 5222
793 469 1012 532 ,26-

295 624 461 714 ellipsin)
485 628 542 712 τῆς
563 628 790 712 γραμματικῆς
812 621 873 710 τὴν
892 622 1011 710 κοινὴν
1031 623 1196 710 cudberct
1216 631 1491 711 παραβαίνοντες.
1570 648 1571 690 3

318 731 477 798 Similiter
499 733 704 818 grammatici
732 734 827 799 latini
855 733 987 820 ellipsin
1010 734 1126 799 vitium
1151 757 1221 799 esse
1250 735 1377 819 volunt,
1400 734 1491 819 quod

317 839 511 905 admittatur
546 840 714 905 nominum
750 839 921 906 verborum
959 840 1236 926 praepositionum
1274 841 1492 924 detractione3

317 969 382 1031 qua
405 945 593 1012 definitione
616 969 681 1012 non
703 946 768 1011 nisi
788 947 828 1012 ad
852 950 1034 1032 externum,
1056 951 1094 1012 ut
1108 946 1165 1014 ita
1187 947 1305 1033 dicam,
1329 947 1491 1012 orationis

315 1051 465 1118 habitum
496 1056 645 1139 spectant
680 1053 839 1138 neglectis
876 1054 1018 1140 propriis
1052 1053 1212 1139 iustisque
1243 1053 1491 1120 condicionibus
1571 1136 1572 1142 ἵ

316 1156 513 1245 finibusque,
543 1159 659 1244 quibus
689 1159 769 1226 haec
799 1160 956 1227 detractio
985 1165 1157 1227 coercetur.
1203 1160 1407 1226 Charisius
1437 1183 1491 1246 ap.

316 1263 399 1331 Keil.
418 1265 433 1330 1
457 1289 488 1351 p.
507 1266 586 1330 271:

403 1371 539 1456 Eltipsis
561 1378 605 1438 cst
626 1376 776 1438 scicntia
802 1375 890 1439 verbo
922 1375 1026 1439 minor
1052 1393 1148 1453 qoam
1174 1395 1289 1440 neccsse
1314 1379 1371 1458 cet,
1397 1375 1493 1439 solvo

315 1483 418 1544 tamea
431 1478 644 1563 compositione
656 1480 824 1566 eumcum,
846 1486 880 1546 ut
891 1503 950 1566 per
968 1485 1013 1546 eet
1027 1482 1087 1566 „ia
1105 1483 1202 1546 medio
1220 1482 1349 1546 obtorta
1365 1479 1494 1562 poato“

314 1589 343 1650 ct
365 1587 456 1670 ,‚c'om
478 1586 591 1652 uacat
613 1587 677 1653 nisi
698 1586 860 1668 referunt“
875 1609 935 1670 pro
956 1609 1020 1673 „nc
1041 1588 1192 1668 siquidm
1214 1586 1384 1669 referunt.“

403 1709 521 1776 Verbis
541 1713 651 1776 salva
670 1712 951 1797 compositione
966 1710 1133 1777 Charisius
1152 1733 1217 1776 non
1236 1714 1337 1798 negat
1356 1711 1492 1797 ellipsin

315 1838 385 1882 esse
408 1817 539 1904 vitium,
567 1818 686 1905 quippe
710 1841 792 1904 quae
815 1819 849 1883 id
873 1818 978 1884 solum
1007 1817 1069 1882 sibi
1098 1817 1201 1883 velint
1230 1818 1338 1905 ellipsi
1360 1818 1491 1904 aliquid

313 1923 362 1988 ita
384 1923 507 2010 omitti,
530 1927 567 1990 ut
589 1929 662 1990 tota
685 1925 878 2010 compositio
896 1948 962 1990 non
984 1947 1117 2009 prorsus
1135 1924 1247 2009 inepta
1264 1925 1414 1990 habenda
1433 1927 1491 1991 sit.

315 2029 519 2096 Diomedes
544 2054 593 2116 ap.
617 2031 699 2096 Keil.
722 2032 801 2098 ibid.
819 2058 849 2118 p.
869 2031 935 2098 450
953 2031 1060 2098 docet:

402 2155 538 2239 Ellipsis
560 2162 604 2222 eet
625 2157 798 2222 necessario
826 2155 956 2222 dictione
981 2156 1134 2236 fraudata
1160 2157 1323 2240 sententio,
1354 2155 1491 2235 detectus
1573 2179 1574 2218 ς

314 2263 442 2342 quidum
465 2265 652 2329 necessariae
673 2264 829 2347 dicticinio,
856 2283 950 2344 quom
977 2263 1129 2328 desiderat
1157 2263 1300 2345 praeciso
1326 2265 1490 2350 sententia,

312 2374 348 2433 at
364 2374 428 2435 cst:
450 2370 566 2456 „terris
588 2371 723 2436 iactatus
745 2375 773 2436 ct
794 2368 881 2435 αῐίοιι
901 2367 1014 2457 (Verg.
1034 2365 1195 2455 Aen.I3),
1214 2391 1282 2433 cum
1301 2371 1379 2435 desit
1389 2393 1488 2454 proc-

306 2478 422 2559 positio
446 2475 542 2564 ‚,c'u“;
566 2479 639 2544 item
659 2527 675 2562 „
683 2476 815 2542 ltaliam
831 2476 899 2557 fcto
922 2473 1101 2558 profupus“
1126 2473 1239 2560 (Verg.
1254 2474 1359 2542 Aenl
1375 2475 1426 2563 2),
1452 2478 1491 2543 id

215 2589 217 2596 ⁴
312 2588 356 2648 cst
372 2585 442 2668 „cd
459 2583 620 2649 Italiom“.
634 2620 678 2630 -
695 2582 844 2648 Alteram
864 2580 1031 2647 Diomedis
1048 2581 1245 2647 definitionis
1264 2587 1391 2668 partem
1408 2583 1488 2650 inde

312 2712 332 2753 a
354 2689 453 2754 verbo
478 2689 652 2755 defectus
676 2690 716 2755 ad
743 2689 877 2755 verbum
900 2688 1053 2774 repetivit
1071 2687 1250 2754 Donatus
1272 2713 1322 2775 ap.
1336 2689 1421 2756 Keil.
1435 2691 1487 2756 IV
1574 2689 1575 2712 ;

311 2817 341 2879 p.
361 2795 427 2859 395
458 2795 570 2860 addito
608 2796 673 2861 alio
711 2796 873 2880 exemplo:
911 2794 1009 2880 Verg.
1037 2793 1117 2861 Aen.
1142 2794 1217 2860 141
1256 2795 1331 2861 hacc
1366 2817 1487 2862 secum:

312 2900 403 2966 deest
425 2902 512 2967 enim
536 2902 782 2988 loquebatur3
805 2901 844 2967 cf.
869 2901 967 2966 etiam
995 2901 1129 2986 Pompei
1158 2907 1375 2968 commentum
1399 2905 1487 2971 artis

311 3007 434 3074 Donati
468 3007 882 3093 ap.Kei1.Vp.294.-
914 3007 1059 3072 Marius
1102 3005 1255 3074 Plotius
1293 3007 1487 3078 Sacerdos

311 3137 360 3198 ep.
373 3114 456 3180 Keil.
468 3113 516 3180 VI
531 3137 560 3199 p.
584 3113 651 3180 454
675 3113 781 3180 docet:
812 3113 979 3197 Ectc'pscs*
1011 3118 1056 3178 cst
1089 3135 1196 3182 sensus
1232 3117 1337 3182 minos
1370 3117 1487 3186 bibens

399 3323 532 3379 *Utrum
561 3322 685 3393 ἔκλειψις
708 3323 801 3379 verior
827 3323 865 3378 sit
890 3323 979 3378 torma
1004 3339 1041 3376 an
1064 3320 1188 3393 ἔλλειψις
1212 3323 1260 3380 vix
1285 3325 1344 3381 dici
1369 3329 1484 3398 potest;

310 3431 327 3468 a
351 3412 494 3469 veteribus
518 3416 636 3482 utraque
662 3411 793 3468 adhibita
820 3414 871 3485 est.
915 3411 948 3468 K.
968 3410 1000 3466 E.
1020 3412 1052 3467 A.
1072 3410 1243 3482 Schmidt,
1274 3416 1404 3488 Beitrdpc
1431 3433 1486 3474 tro·

310 3502 465 3560 Gesctichte
496 3505 544 3558 der
572 3503 746 3558 Grammctdc
777 3503 823 3558 des
851 3501 1041 3557 Gricctiscten
1070 3502 1130 3557 wid
1156 3502 1364 3574 Lctciatsctea,
1397 3507 1484 3565 narie

309 3599 378 3648 1859
393 3611 420 3663 p.
435 3598 487 3648 408
507 3593 587 3646 dnm.
603 3597 637 3648 34
661 3608 694 3647 ex
717 3589 862 3646 codicibus
890 3607 950 3645 rern
977 3589 1131 3645 diiudicare
1160 3593 1309 3646 conaturus
1333 3611 1387 3650 nec
1410 3599 1485 3654 certi

308 3681 462 3750 quidquam
501 3681 660 3736 enucleavit
688 3697 740 3735 nec
772 3681 920 3736 enucleare
949 3677 1056 3750 potuit,
1087 3677 1154 3747 quia
1183 3678 1344 3736 novissimis
1374 3685 1485 3743 Halmii

207 3805 210 3814 ·
309 3769 509 3840 Spengeliique
527 3767 628 3824 studiis
647 3769 677 3823 in
695 3769 839 3824 rhetorum
857 3769 1026 3824 Graecorum
1045 3767 1264 3837 Latinorumque
1283 3773 1484 3833 emendatione

308 3857 479 3928 consumptis
498 3857 552 3912 niti
569 3856 713 3927 nequibat.
751 3857 807 3912 Sed
826 3856 936 3913 omissis
956 3855 1100 3912 codicibus
1118 3855 1148 3910 in
1166 3855 1327 3914 universum
1345 3861 1403 3917 iam
1422 3865 1484 3922 dici

307 3950 402 4018 potest
428 3949 537 4002 veteres
560 3945 608 4001 vix
632 3945 847 4016 etymologicam
869 3944 949 4000 illam
976 3961 1031 4013 qua
1054 3943 1184 4000 Schmidt
1207 3947 1484 4024 secrevit't'ntscow

308 4037 344 4092 ab
368 4035 474 4106 tttscoc
498 4033 721 4102 distinctionem,
740 4051 796 4104 qua
819 4033 933 4104 quidem
956 4032 1007 4086 illa
1029 4031 1067 4088 sit
1089 4048 1154 4087 vere
1177 4032 1304 4090 deiectus
1327 4039 1483 4107 (detractio

308 4123 441 4195 defectio)
460 4122 603 4192 orationis,
621 4124 692 4178 haec
712 4121 806 4193 specie
825 4121 960 4188 deiectus,
980 4137 1044 4176 cnm
1061 4121 1091 4175 id
1109 4121 1186 4191 qnod
1209 4121 1343 4177 omissum
1366 4121 1485 4180 videtur

306 4216 402 4268 umen
425 4213 547 4269 latenter
571 4211 672 4267 ceteris
697 4210 791 4266 verbis
817 4209 927 4266 dicatur
951 4209 1092 4279 (Schmidt
1116 4209 1203 4265 vertit
1227 4209 1383 4279 ἔλλειψιν
1408 4229 1484 4269 voce

306 4302 577 4374 Innenlassung)
590 4333 624 4344 -
638 4303 756 4367 veteres,
766 4299 890 4370 inquam,
899 4298 947 4354 vix
960 4299 1034 4354 hanc
1044 4297 1255 4354 distinctionem
1269 4297 1299 4353 in
1308 4303 1484 4371 usurpandis

306 4388 434 4445 terminis
452 4389 556 4446 nostris
568 4407 637 4446 esse
656 4389 775 4445 secutos.
804 4386 885 4453 Quod
903 4387 973 4444 satis
991 4386 1047 4441 iam
1066 4403 1099 4442 eo
1117 4387 1262 4457 probatur,
1281 4387 1357 4456 quod
1372 4388 1484 4460 singuli

305 4479 432 4534 rhetores
450 4479 533 4534 latini
551 4497 635 4534 unam
653 4477 837 4534 detractionis
856 4476 901 4532 vel
920 4475 1046 4532 defectus
1071 4475 1118 4530 vel
1142 4475 1309 4531 delectionis
1332 4475 1484 4536 notionem
