3152 5222
631 445 826 509 -η,

148 599 232 680 λέξει
254 605 303 680 εἰς
326 600 389 669 δύο
412 605 570 688 χρῆσθαι,
593 602 649 668 παλ
671 604 892 687 παλιλλογίοιν
915 601 977 688 τὴν
1001 601 1171 690 σύντομον
1195 605 1230 671 έκ
1247 608 1316 673 τῶν

146 709 258 792 μερῶν
280 704 455 795 ἀφαιρεῖν,
480 709 518 776 έν
540 705 576 776 bt
599 720 671 787 ταῖς
693 715 859 788 τελευταῖς
877 707 985 795 μόνον
1008 716 1231 796 παλιλλογεῖν.
1260 711 1316 778 καὶ

144 813 268 880 τοῦτον
290 813 352 900 μὲν
375 812 436 881 τὸν
458 812 586 900 τρόπον
608 819 743 902 βραχεῖς
759 813 839 894 τοὺς
856 813 978 901 λόγους
999 814 1195 904 ποιήσομεν.

234 921 326 988 Haeo
354 923 454 988 verba
482 945 548 988 non
579 928 724 1008 spectare
754 924 794 988 ad
825 911 946 989 certanr
981 924 1144 1010 quandam
1177 927 1316 1010 figuram

145 1050 272 1113 earum,
294 1051 378 1114 quae
401 1030 484 1094 fiunt
501 1052 560 1115 per
581 1030 828 1117 detractionem,
850 1035 955 1116 patet3
979 1031 1148 1116 quodiam
1169 1033 1250 1098 satis
1268 1033 1316 1098 in·

143 1135 260 1220 tellegi
287 1138 399 1221 potest
428 1157 466 1200 ox
497 1157 549 1220 eo,
578 1138 665 1221 quod
694 1137 794 1203 etiam
823 1137 961 1202 termino
990 1138 1049 1203 illo
1075 1138 1315 1222 παλιλλογία

142 1263 212 1306 non
229 1243 334 1327 figura
351 1240 509 1326 quaedam
524 1241 565 1306 ab
584 1242 658 1308 aliis
673 1243 856 1308 rhetoribus
871 1237 1140 1321 άναᾶίπλυσις
1159 1245 1210 1310 vel
1221 1238 1314 1334 άνά-
1359 1281 1367 1300 ·

142 1347 262 1431 ληφις
276 1343 328 1434 (of.
334 1347 519 1414 Alexander
528 1347 683 1414 Numenii
698 1347 854 1434 apWala.
860 1348 943 1414 VIII
953 1349 1064 1436 p.462‚
1078 1347 1315 1436 Spenglll29,

141 1454 271 1538 Kayser
293 1453 441 1520 Cornifio.
461 1455 508 1519 ed.
526 1478 557 1539 p.
577 1454 655 1542 296)
679 1460 794 1520 vocato
822 1454 1039 1542 significatur3
1065 1456 1166 1522 immo
1194 1457 1315 1522 Anaxi·

140 1582 255 1626 menes
276 1560 311 1626 id
334 1562 442 1625 solum
460 1561 543 1646 egit,
566 1566 602 1626 ut
620 1562 773 1647 vulgares
791 1562 949 1646 quasdam
967 1563 1056 1648 leges
1075 1562 1116 1628 ad
1135 1563 1315 1628 orationem

140 1666 176 1732 in
201 1666 298 1734 breve
322 1667 574 1732 contrahendam
594 1673 687 1754 aptas
707 1667 929 1733 constitueret„
966 1667 1027 1733 llst
1049 1668 1152 1754 igitur
1170 1671 1313 1753 βραχυ-

138 1778 278 1856 λογεῖν
301 1774 393 1838 notio
416 1773 592 1860 generalis,
615 1775 666 1840 oui
690 1775 783 1861 quasi
806 1773 929 1859 species
954 1774 1158 1840 subiciuntur
1180 1774 1254 1840 hce:

235 1880 263 1945 l.
287 1874 382 1945 ὅλον
405 1875 447 1945 τὸ
466 1881 624 1964 πρᾶγμα
644 1877 704 1945 ἑνὶ
728 1873 895 1964 ὀνόματι
914 1876 1227 1965 περιλαμβάνειν
1249 1878 1314 1945 καὶ

5 2061 6 2072 χ
138 1980 286 2074 τούτῳ,
311 1978 393 2051 δάν
416 1979 569 2072 ὑπάρχη
601 1982 849 2071 βραχύτατον
868 1987 917 2076 τῷ
936 1983 1147 2071 πράγματι,
1170 1987 1314 2054 terem

5 2089 6 2166 f
138 2093 307 2177 quandam
330 2114 395 2158 una
416 2093 549 2158 notione
572 2115 673 2178 eaque
701 2097 806 2158 totam
833 2115 902 2158 rem
930 2097 1078 2157 accurate
1106 2093 1314 2177 comprehen-

138 2199 240 2264 dente
259 2198 442 2286 significare
466 2198 596 2264 omissis
620 2199 825 2285 synonymis,
852 2198 1070 2283 hendiadyoin
1097 2198 1203 2283 figura
1230 2221 1313 2284 quae

4 2287 5 2337 l
137 2306 279 2391 dieitur,
301 2305 503 2391 pleonasmo‚
528 2305 700 2372 similibus.

232 2415 262 2479 2.
286 2409 534 2496 συνδέσμους
552 2406 714 2494 ὀλίγους
733 2421 879 2496 ποιεῖν,
909 2404 956 2475 τά
984 2415 1145 2474 πλεῖστα
1170 2407 1212 2476 dh
1232 2415 1312 2490 ζευ-

136 2514 287 2602 γνύναι
304 2519 325 2584 i.
337 2540 361 2585 e.
372 2518 532 2603 neglectis
550 2517 719 2605 particulis
738 2517 933 2604 copulativis
952 2517 1107 2608 ploraque
1126 2516 1313 2603 asyndetice

3 2644 4 2663 ¹
136 2635 347 2710 oomnngera.

231 2733 261 2796 3.
285 2735 390 2796 totam
413 2731 594 2797 orationem
621 2731 670 2796 ita
697 2729 911 2816 conformare,
941 2734 977 2794 ut
1005 2730 1142 2796 artificia
1171 2733 1211 2798 ad
1240 2755 1312 2797 eum

135 2837 326 2924 augendam
347 2837 544 2922 uberiusque
566 2836 748 2903 faciendam
771 2859 790 2901 a
813 2837 1000 2903 rhetoribus
1023 2837 1157 2903 inventa
1179 2860 1312 2923 prorsus

135 2946 330 3029 reiciantur,
359 2944 407 3010 ita
431 2948 468 3009 ut
494 2945 750 3026 παλιλλογίαι
773 2941 822 3028 (==
841 2937 1223 3032 άνακεφαλαιάσεις)
1246 2944 1267 3010 i.
1287 2967 1312 3010 e.

135 3050 426 3136 recapitulationes
454 3052 568 3116 breves
596 3072 661 3116 non
688 3049 722 3114 in
750 3049 889 3136 singulis
916 3050 1077 3136 partibus,
1105 3050 1161 3116 sed
1188 3051 1222 3116 in
1250 3052 1312 3116 fine

135 3157 245 3223 totius
268 3156 426 3222 orationis
449 3156 673 3223 adhibeantur.

232 3261 391 3329 Similiter
404 3263 574 3349 Trypho,
592 3260 667 3347 περὶ
680 3257 816 3346 τρόπον
830 3257 938 3348 (Wala
953 3262 973 3327 l.
988 3262 1008 3326 l.
1023 3263 1086 3328 vol.
1101 3262 1183 3328 VIII
1197 3287 1226 3348 p.
1239 3263 1313 3348 752,

137 3369 284 3456 Spengel
306 3370 357 3436 III
376 3394 406 3455 p.
426 3366 505 3457 202)
541 3369 673 3454 scripsit
702 3368 743 3433 ad
773 3371 904 3453 tropum
935 3371 1129 3453 συντομία
1162 3373 1312 3434 vocatum

136 3475 381 3560 explicandum:
417 3479 580 3560 συντομία
614 3473 684 3541 ἐστὶ
714 3470 838 3559 φράσις
869 3469 953 3540 αὐτὰ
986 3469 1026 3539 τά
1056 3468 1221 3557 ἀναγκαῖα
1251 3477 1312 3539 τοῦ

137 3580 355 3667 ὃηλουμένου
378 3585 514 3667 ἔχουσα,
538 3582 625 3667 quod
639 3581 751 3666 paullo
771 3581 901 3646 uberius
919 3580 1111 3645 retractavit
1125 3580 1160 3646 P.
1176 3579 1311 3646 Aelius

3 3739 4 3744 η
136 3689 338 3755 Aristides
354 3684 415 3775 (ed.
430 3688 573 3754 Dindorf
583 3689 647 3754 vol.
657 3687 729 3774 Hp.
746 3686 924 3772 756,Walz
938 3686 985 3751 IX
996 3710 1025 3772 p.
1036 3687 1111 3773 394,
1126 3685 1267 3773 Spengel
1279 3687 1313 3753 Π

91 3823 93 3827 ·
137 3822 171 3883 p.
186 3793 266 3882 500)
290 3796 378 3862 hisee
402 3795 525 3860 verbis:

230 3897 324 3969 Κατὰ
343 3900 433 3976 λέξιν
457 3898 494 3967 δὲ
517 3905 645 3985 γίνεται
664 3897 833 3986 βραχύτης
859 3898 915 3966 καὶ
942 3903 1120 3988 συντομία,
1150 3895 1232 3967 ὅταν
1262 3925 1312 3978 τις

138 4003 187 4093 μὴ
210 4019 281 4086 ταῖς
303 4019 592 4094 παραφραστικαῖς
609 4007 963 4090 [περιφραστικαῖςεοί.
983 4007 1067 4088 edd]
1092 4009 1160 4073 τῶν
1179 4005 1312 4092 λέξεων,

138 4109 227 4180 ἀλλὰ
249 4126 321 4191 ταῖς
344 4108 492 4192 εὐθείαις
515 4113 643 4200 χρῆται,
667 4109 748 4180 ὅταν
772 4110 817 4198 μὴ
841 4113 1080 4197 ἐπαγωνίζηται
1101 4113 1142 4196 τῇ
1163 4110 1249 4186 λέξει
1271 4107 1311 4177 τὰ

139 4217 414 4303 ἰσοδυναμοῦντα
454 4219 666 4304 παρατιθεὶς,
709 4215 794 4286 άλλά
834 4215 987 4303 δηλώσας
1024 4214 1062 4284 τὸ
1098 4219 1231 4302 πρᾶγμα
1271 4219 1311 4304 τῇ

139 4324 351 4413 σημαινοάση
371 4324 456 4400 λέξει
480 4322 583 4403 εὐθὺς
606 4322 780 4413 ἀπαλλαγῇ
805 4325 860 4392 καὶ
883 4324 920 4392 έν
946 4320 1059 4413 ὀλίγφ,
1082 4322 1137 4389 καὶ
1157 4319 1239 4390 ὅταν
1261 4349 1313 4402 τις

139 4427 187 4519 μὴ
210 4434 422 4518 φιλοτιμῆται
444 4429 527 4518 πρὸς
555 4430 619 4518 τὴν
647 4432 750 4517 λέξιν,
778 4428 862 4498 ἀλλὰ
889 4429 944 4497 καὶ
966 4427 1049 4517 πρὸς
1070 4425 1110 4496 τά
1137 4426 1313 4517 πράγματα
