3158 5226
566 458 808 523 -137-

110 616 197 682 lesbo
221 616 403 682 defenditur
425 623 606 704 zeugmate,
629 640 693 703 quo
712 617 803 684 notio
827 618 1094 704 perlustrandi
1113 619 1154 683 ad
1174 641 1272 684 mern-

110 726 196 788 brum
231 725 380 808 proxime
412 725 606 791 antecedens
643 748 681 790 ex
722 725 936 811 persultari
972 724 1191 811 intellegitur,
1230 725 1271 790 ad

108 832 242 917 primum
260 833 442 898 membrum
460 833 552 898 notio
571 830 857 917 progrediendi.
895 832 967 897 Hoc
980 832 1188 898 artificiosius
1208 836 1272 918 est,

109 939 224 1004 scribas
256 960 330 1004 cum
356 939 521 1006 Urlichsio
547 940 752 1024 perlustrare,
772 939 875 1023 'quod
907 939 1007 1006 etiam
1041 939 1102 1005 Ed.
1116 939 1275 1026 Wulfflin,

108 1046 194 1112 Burs.
210 1038 360 1112 Jabresb.
378 1047 463 1112 1875
482 1047 559 1133 Hp.
575 1047 637 1112 767
669 1047 922 1131 commendavit,
954 1069 993 1112 ex
1023 1069 1088 1131 quo
1119 1047 1274 1134 suppleas

107 1159 177 1240 post
205 1155 364 1237 lndaqirrls
395 1156 484 1219 modo
512 1153 679 1219 notionem
714 1153 962 1238 pervagandi.
1008 1152 1195 1219 Violentius
1225 1155 1272 1220 la·

107 1283 218 1326 cunam
246 1261 402 1327 indicavit
424 1265 500 1346 post
526 1262 615 1326 modo
638 1259 867 1346 Nipperdey..
883 1282 980 1346 quarn
1011 1261 1274 1326 emendationem

106 1369 247 1434 laudavit
262 1368 431 1434 Andresen
453 1389 557 1453 nuper
579 1367 614 1432 in
632 1367 784 1434 Jabresb.
801 1368 885 1434 1878
900 1392 930 1452 p.
948 1368 1027 1452 2623
1051 1368 1107 1434 sed
1130 1390 1216 1434 nunc
1237 1369 1275 1434 in

105 1476 280 1542 novissima
294 1475 436 1541 editione
455 1477 585 1540 secutus
600 1475 746 1560 uestigia
764 1474 883 1541 codicis
898 1474 929 1540 A
948 1475 1080 1560 scripsit
1091 1477 1274 1559 persultare.

189 1581 298 1648 Germ.
314 1584 344 1668 l,
360 1582 415 1648 15:
438 1582 547 1668 agitur
571 1580 610 1646 de
631 1581 865 1648 Germanorum
884 1583 1052 1668 pugnandi
1071 1583 1210 1648 ratione:
1233 1585 1276 1648 acl

6 1723 7 1730 .
103 1694 223 1768 ambas,
242 1691 285 1754 ad
301 1690 442 1772 coaiayas
459 1689 583 1754 oetaeo
599 1689 722 1770 facab
746 1710 799 1754 aec
817 1689 890 1754 illue
907 1711 1071 1754 comeare
1088 1696 1144 1755 cat
1159 1692 1275 1774 cuipas

101 1799 209 1880 papas
224 1802 348 1882 pavent,
371 1797 508 1879 cibosque
528 1801 559 1860 et
581 1796 758 1862 hortamina
777 1800 905 1879 peslaal.
951 1795 1054 1881 Kritz,
1078 1795 1274 1863 Schweiaer-

105 1904 217 1989 Sidler,
240 1903 388 1988 Draeger
412 1903 469 1969 alii
488 1903 687 1990 intellegunt
710 1892 748 1968 ex
769 1908 930 1988 gestant
948 1902 989 1968 ad
1008 1925 1121 1970 voeem
1139 1905 1273 1970 horta-

5 2077 6 2094 ,
104 2013 206 2077 mina
228 2011 396 2077 notionem
419 2011 605 2097 generalem
628 2010 754 2077 ferendi
775 2010 938 2076 translato
962 2033 1060 2076 sensu
1082 2012 1274 2097 praeditam.

104 2119 166 2186 Sed
197 2120 294 2203 plane
327 2118 576 2203 improbandum
609 2122 660 2184 est
693 2122 827 2203 propter
863 2117 1110 2184 insolentiorem
1147 2119 1274 2185 dicendi

5 2215 6 2276 i
103 2228 256 2312 formam,
286 2247 351 2311 qua
373 2225 406 2290 in
429 2224 536 2291 locum
560 2225 651 2290 verbi
674 2247 712 2290 ex
736 2245 795 2290 suo
818 2225 890 2290 loco
914 2223 956 2288 ad
978 2226 1161 2292 membrum
1184 2232 1274 2293 ante·

103 2333 218 2399 cedens
241 2331 336 2417 quasi
358 2331 517 2397 subtracti
540 2330 628 2396 aliud
653 2331 787 2397 verbum
811 2332 990 2416 suppletur.
1031 2331 1167 2397 Nullum
1192 2333 1275 2398 eius·

102 2440 190 2506 modi
214 2440 398 2525 exemplum
427 2442 525 2504 extat.
570 2438 766 2504 Hortamina
793 2460 859 2504 non
887 2443 964 2504 sunt
993 2439 1065 2504 sola
1093 2440 1192 2506 verba
1220 2462 1274 2506 ex-

102 2547 255 2612 hortandi
278 2568 376 2612 causa
398 2545 495 2631 dicta,
518 2547 574 2612 sed
598 2547 697 2612 etiam
721 2568 772 2611 res
796 2546 830 2610 in
853 2546 990 2611 eundem
1009 2546 1108 2611 finem
1131 2546 1275 2614 adlatae:

3 2709 4 2714 ,
102 2655 141 2721 cf.
157 2677 195 2721 aa
218 2677 301 2740 quae
325 2653 521 2719 antecedunt
543 2653 659 2738 efficies
685 2659 715 2716 er
735 2655 827 2736 sipaa
854 2655 1006 2735 quaedam
1034 2655 1171 2720 maccla
1200 2655 1276 2720 lacis

101 2764 136 2826 la
162 2763 318 2844 proelium
347 2761 468 2845 feurit,
500 2761 521 2826 i.
541 2784 566 2826 e.
598 2759 750 2826 Mittel.
770 2783 837 2826 aur
869 2758 1201 2846 Animanterung:
1238 2762 1275 2826 cf.

101 2869 203 2935 etiam
219 2869 260 2934 H.
277 2867 453 2952 1V18‚12.
490 2868 639 2934 Tacitum
660 2867 790 2953 saepius
810 2867 1051 2933 substantivum
1075 2869 1277 2934 abstractum

100 2976 252 3061 posuisse
270 2998 329 3061 pro
344 2979 495 3041 concreto
510 2975 621 3042 docuit
633 2974 790 3060 Draeger,
808 2974 894 3058 Syri.
908 2977 976 3039 read
987 2973 1048 3039 sat
1061 2977 1112 3041 des
1128 2976 1200 3040 Tac.
1214 2978 1235 3056 ξ
1247 2977 1278 3041 3.

192 3081 331 3168 Propter
362 3083 498 3148 eandem
530 3084 650 3148 malam
678 3083 851 3148 verborum
881 3082 1130 3148 collocationem
1157 3081 1277 3148 Hercei

99 3189 279 3275 explicatio
311 3189 474 3255 reicienda
511 3194 575 3275 est,
607 3211 671 3274 qua
694 3190 839 3274 H.123,
858 3190 991 3256 9-11:
1022 3211 1092 3255 aaa
1124 3187 1277 3277 (milites)

98 3297 296 3380 Campaniae
331 3297 417 3362 lacus
453 3303 482 3362 ct
507 3296 646 3362 Aetolae
681 3298 769 3364 arbas
802 3297 950 3362 crassam
987 3299 1074 3362 adire
1108 3298 1192 3363 soliti
1213 3297 1276 3380 Pp-

3 3451 4 3460 .
95 3425 249 3470 reaaeam
277 3409 306 3468 el
327 3405 423 3486 Alpes
457 3409 485 3469 et
512 3405 654 3470 tornense
689 3406 814 3468 claram
847 3405 950 3487 spallo
979 3424 1067 3486 ocare
1095 3405 1149 3469 sab
1179 3406 1278 3469 armis

94 3513 288 3576 assaraco
314 3511 349 3575 in
379 3510 487 3575 locum
517 3511 609 3576 verbi
640 3511 900 3595 eniterentur,
930 3508 1016 3594 quod
1047 3511 1088 3574 ad
1118 3511 1190 3576 sola
1218 3509 1278 3574 illa

3 3583 5 3698 l
93 3618 221 3684 itinera
249 3641 306 3704 per
329 3623 457 3683 montes
480 3617 638 3702 Pyrenaei
656 3617 855 3704 Alpiumque
882 3616 972 3682 faeta
997 3617 1277 3682 accommodatum

3 3701 5 3778 l
94 3730 205 3812 esset,
239 3724 405 3811 supplevit
441 3725 576 3791 verbum
612 3725 766 3792 emetiri
802 3726 854 3790 vel
891 3723 1102 3790 conficere.
1148 3722 1212 3789 Sed
1244 3726 1278 3789 et

94 3833 201 3899 eniti
225 3833 260 3897 in
284 3833 470 3898 universnm
499 3832 595 3899 adid
618 3832 771 3917 refertur,
802 3831 887 3917 quod
912 3853 1039 3896 summo
1063 3831 1174 3897 labore
1204 3853 1278 3896 con·

92 3941 225 4026 ficitur,
249 3944 283 4006 et
304 3963 346 4005 ne
369 3962 434 4005 una
457 3939 587 4026 quidem
612 3940 723 4005 littere.
747 3939 886 4024 scriptor
903 3942 1015 4004 noster
1037 3938 1194 4004 indicavit
1216 3938 1276 4001 im-

92 4070 217 4114 mensa
239 4047 299 4113 illa
320 4047 447 4112 viarum
471 4046 578 4131 spatia
600 4047 747 4112 confecta
769 4068 841 4111 esse
864 4045 898 4110 in
921 4068 1025 4130 aequo
1040 4046 1219 4131 planoque.

192 4153 284 4220 Ib.H
297 4154 348 4238 35,
365 4152 433 4236 lle:
456 4159 486 4218 et
497 4159 564 4219 erat
575 4153 682 4218 insula
695 4175 785 4218 mane
803 4154 914 4237 medlo,
935 4155 971 4218 la
983 4173 1078 4235 qaam
1092 4153 1279 4236 placitatores

8 1123 17 1192 l

89 4263 234 4328 cambas
256 4261 426 4346 molientes,
445 4260 597 4327 Germani
624 4261 729 4326 acredo
754 4260 1008 4343 perlabcbaatar:
1036 4259 1103 4324 cod.
1125 4259 1278 4342 pretabe-

90 4371 232 4436 banaa:
262 4389 344 4434 corr.
360 4366 467 4434 Halm.
493 4368 645 4454 Ruperti,
667 4365 829 4451 Heraeus,
858 4367 916 4432 alii
939 4367 980 4431 ad
1002 4366 1093 4451 prius
1117 4365 1280 4456 enuntiati

92 4477 236 4543 relativi
254 4474 435 4541 membrum
455 4475 715 4560 subintellegunt
733 4474 977 4540 vehebantur
998 4474 1051 4538 vel
1071 4473 1278 4540 contende·
