3158 5226
797 488 1039 552 -106-

331 652 439 715 locum
469 648 530 715 An.
545 648 625 714 XIV
641 649 694 733 63,
708 649 729 713 9
744 669 810 732 seq.
827 648 866 712 ad
897 647 982 712 hanc
1012 647 1139 712 dic'endi
1169 645 1329 711 rationem
1361 645 1511 732 rettulit,

331 757 430 822 verba
453 760 543 821 sunt:
571 755 644 820 leuic
659 757 804 838 primum
827 756 1009 839 nuptiarum
1031 755 1095 819 dies
1119 753 1181 818 loco
1205 754 1327 833 funuis
1352 752 1430 838 fuit,
1458 755 1512 818 de-

330 865 438 928 ductae
461 864 495 927 in
518 865 643 928 domum
665 863 701 926 in
723 883 786 944 que
808 861 891 926 ullu
913 862 976 926 uisi
1000 861 1170 926 luctuosum
1187 858 1315 944 tubuel,
1337 865 1435 942 erepto
1447 881 1513 943 per

331 991 479 1035 venenum
498 974 587 1052 patre
609 974 637 1033 et
657 969 764 1034 statim
785 968 901 1049 fratem
931 971 998 1060 tum
1024 967 1141 1032 anullo
1167 965 1293 1030 domina
1318 967 1452 1031 volutor
1486 971 1514 1031 ct

331 1077 476 1160 Poppaea
498 1097 561 1141 non
583 1077 647 1140 nisi
674 1077 709 1140 in
733 1075 903 1159 perniu'em
934 1075 1041 1140 nemis
1069 1078 1183 1158 nepta,
1207 1077 1361 1156 postrenmo
1390 1075 1513 1138 crimen

331 1183 417 1248 omni
440 1184 532 1248 esitio
547 1184 684 1266 mucius.
717 1180 905 1266 Nipperdey
928 1180 969 1245 sd
988 1179 1207 1245 nominativos
1226 1179 1388 1265 ancilla,
1405 1179 1510 1266 Pop-

331 1311 443 1374 paea,
473 1289 617 1354 crimen
640 1287 807 1372 intellegit
829 1286 1019 1372 patienda
1040 1287 1199 1352 fuorunt
1228 1307 1267 1350 ex
1296 1286 1393 1351 huic
1418 1283 1511 1372 (loco

331 1392 491 1480 funerisl)
521 1395 613 1480 fuit3
646 1394 928 1478 artificiosissime,
962 1393 1115 1478 suppleas
1152 1396 1256 1476 erat3
1289 1391 1362 1476 ipsa
1394 1415 1512 1459 narra

331 1501 419 1566 tione
451 1502 612 1566 malorum
643 1501 773 1566 illorum
804 1501 968 1565 indicatur
997 1499 1092 1584 satis,
1129 1521 1168 1563 ea
1197 1499 1238 1563 ab
1268 1497 1404 1564 Octavia
1433 1522 1512 1566 asse

331 1609 471 1694 perlata,
505 1608 688 1673 inducimur
715 1607 802 1672 anim
832 1606 926 1692 quasi
956 1606 991 1672 in
1020 1605 1174 1672 Octaviae
1205 1604 1422 1690 cogitationes
1453 1603 1512 1693 (cf.

331 1737 429 1800 supra
444 1738 475 1800 p.
490 1715 532 1780 86
548 1712 637 1801 seq).

421 1821 554 1886 Tacitus
577 1821 663 1905 haud
688 1843 761 1886 raro
786 1843 833 1905 ea,
856 1841 939 1904 quae
964 1818 1059 1883 modo
1084 1818 1224 1903 singulis
1249 1817 1426 1884 enuntiatis
1451 1819 1512 1885 de·

332 1927 479 2013 scripsit,
506 1932 622 1993 cuncta
649 1926 895 2012 comprehcndit
922 1946 987 1991 uuo
1018 1923 1185 1991 enuntiato
1214 1924 1277 2007 ita,
1306 1928 1342 1988 ut
1370 1925 1510 1990 verbum

331 2034 462 2100 finitum
488 2057 586 2099 sensu
609 2034 755 2120 generali
778 2033 995 2119 supplendum
1018 2032 1224 2116 relinqueret.

420 2140 685 2226 H.136,11s13:
714 2161 767 2205 nec
789 2142 893 2206 decim
916 2138 993 2203 Otho
1016 2139 1203 2222 protendens
1232 2158 1345 2203 manus
1373 2140 1512 2206 adoram

330 2247 472 2333 colpum,
501 2249 598 2312 iecere
628 2248 747 2332 oscula,
776 2251 805 2311 et
827 2249 933 2312 omnia
955 2247 1105 2311 serviliter
1130 2265 1188 2326 pro
1211 2245 1418 2309 dominatione
1427 2267 1438 2322 ;
1463 2285 1510 2295 --
1547 2247 1550 2260 '

332 2353 520 2419 simillimus
536 2357 586 2418 cst
604 2343 695 2419 locus
709 2352 861 2419 AnXIlI
871 2353 1019 2438 14,17-
1029 2352 1083 2416 19:
1101 2351 1195 2416 amul
1213 2351 1366 2415 intendere
1382 2372 1510 2438 manus,

330 2481 472 2544 apperere
478 2461 605 2545 probru
625 2465 831 2526 consecratum
849 2458 1029 2536 Claudium,
1047 2457 1187 2537 infernos
1200 2456 1380 2522 Silanorum
1398 2479 1512 2525 manes

331 2569 472 2632 inuocare
494 2573 523 2632 et
544 2573 587 2632 tot
608 2569 707 2632 inrita
727 2567 872 2649 facinora
895 2562 948 2651 (cf.
961 2565 1079 2644 infrass
1096 2565 1129 2649 7,
1144 2561 1194 2650 2);
1212 2598 1254 2608 —
1272 2565 1323 2629 his
1344 2564 1424 2630 locis
1449 2588 1507 2630 cx-

331 2673 472 2758 plicatur
505 2674 620 2739 etiam:
643 2673 704 2738 An.
719 2673 800 2739 XIV
813 2673 871 2757 33,
888 2672 929 2736 15
954 2710 961 2716 -
984 2672 1042 2737 18:
1073 2691 1167 2754 neque
1198 2672 1281 2735 euim
1312 2689 1417 2754 cupere
1448 2680 1511 2738 aut

330 2781 507 2845 venundare
528 2781 652 2846 aliudue
681 2777 823 2868 (agere),
855 2779 937 2863 quod
967 2778 1037 2842 belli
1066 2778 1292 2862 commercium,
1321 2778 1374 2842 sed
1401 2781 1509 2846 caedes

324 2886 470 2970 patibula
492 2888 577 2970 ipnes
594 2908 709 2973 curem,
738 2892 888 2969 tanquam
905 2884 1057 2950 reddituri
1078 2884 1264 2966 supplicium
1285 2905 1322 2949 ac
1338 2892 1509 2968 praerepto

330 2993 455 3057 interim
472 2994 596 3079 ultione,
612 2995 810 3076 festinabant.
846 2990 923 3057 Non
946 3013 1028 3076 opus
1048 2994 1099 3055 est
1117 2990 1158 3054 ad
1176 2990 1263 3055 hunc
1280 2991 1386 3055 locum
1404 2991 1509 3058 inter-

331 3100 524 3184 pretandum
556 3105 727 3185 neugmate
757 3099 989 3183 Draegeriano.
1094 3095 1136 3162 H.
1149 3096 1165 3161 I
1180 3096 1236 3181 52,
1251 3097 1360 3162 3-4:
1391 3100 1510 3165 redditi

324 3206 481 3288 plerusque
502 3208 637 3292 ordines,
660 3209 791 3272 remissa
812 3207 994 3290 ipnominio,
1016 3205 1173 3270 mimatae
1194 3209 1298 3270 notae:
1314 3205 1413 3287 plura
1436 3229 1507 3272 om-

331 3313 450 3397 bitione,
472 3315 624 3396 quaedam
646 3315 761 3379 iudicio
784 3311 878 3397 (fecit
900 3312 953 3377 vel
975 3312 1063 3377 facta
1086 3309 1191 3399 sunt),
1213 3313 1248 3375 iu
1269 3311 1378 3394 melus
1399 3317 1510 3381 sordes

330 3424 360 3484 ct
387 3421 556 3485 ovantum
578 3421 691 3486 Fanni
713 3420 873 3504 Capitonis
902 3419 1077 3484 adimendis
1105 3419 1341 3500 adomnamim
1370 3420 1510 3487 militiae

330 3527 489 3593 ordinrlms
521 3529 635 3612 intepre
666 3532 855 3604 mutuoerct;
881 3563 920 3574 --
944 3525 997 3591 ΙΙΙ
1011 3526 1046 3610 9,
1060 3526 1096 3590 8:
1127 3525 1181 3589 sed
1211 3522 1512 3608 Caecina-prodidit

331 3639 466 3718 tenpore
489 3635 559 3700 belli
574 3685 614 3721 ..,
637 3636 763 3700 interim
785 3634 930 3717 Aponius
945 3683 968 3698 ..
983 3653 1052 3696 cum
1075 3633 1189 3714 lepiom
1203 3682 1227 3696 ..
1242 3632 1365 3696 aduenit
1378 3681 1402 3696 ..
1410 3652 1422 3709 ;
1446 3633 1511 3701 tas

330 3742 373 3806 ad
385 3742 487 3824 copias
497 3791 504 3805 .
513 3791 519 3805 .
529 3743 616 3807 misit
632 3741 778 3826 epistulas
794 3739 934 3824 annuu
954 3740 1150 3804 temeritatem
1163 3739 1244 3803 uicta
1256 3759 1349 3803 orum
1366 3743 1508 3806 nactan-

330 3848 408 3912 tium
430 3849 577 3914 incusans
584 3869 595 3926 ,·
618 3849 713 3914 simul
728 3884 769 3894 —
783 3848 881 3912 uirtus
903 3847 1050 3911 causitus
1073 3845 1438 3911 umdnanolluaur.
1455 3895 1464 3908 .

329 3953 410 4018 nillil
426 3975 558 4036 prorsus
576 3952 685 4042 (egit),
707 3955 788 4038 quod
803 3958 860 4018 aut
875 3958 1078 4036 cormrnpcret
1098 3953 1212 4017 hostem
1234 3957 1291 4016 aut
1307 3957 1448 4030 terreret·
1460 3990 1507 4002 -

330 4060 378 4125 IV
392 4061 445 4147 50,
461 4061 516 4126 15:
537 4063 591 4127 sed
608 4061 734 4127 Pisonis
750 4061 911 4126 satellitem
929 4060 1061 4141 uomlat
1083 4059 1252 4140 militesque
1269 4064 1298 4123 et
1313 4061 1512 4129 centuriones

329 4169 478 4250 quosdam
490 4171 607 4252 puniit,
630 4170 710 4234 ulios
721 4169 876 4252 praemiis
893 4167 1022 4248 adfecit:
1044 4169 1188 4232 numu
1205 4187 1243 4232 cu
1259 4167 1367 4231 merito
1385 4163 1512 4257 (fecit),

329 4275 382 4339 sed
402 4280 438 4340 ut
459 4276 639 4360 oppressisse
660 4275 773 4340 bellum
795 4277 972 4352 medemur.
991 4309 1033 4320 —
1053 4273 1115 4339 An
1129 4273 1178 4338 IV
1194 4273 1247 4358 34,
1261 4273 1392 4339 8-112
1409 4277 1512 4341 uerba

329 4401 398 4445 mea
412 4431 436 4446 ..
450 4387 640 4465 arpuuntur:
675 4383 750 4448 adeo
777 4381 931 4463 suetonum
952 4381 1098 4446 innocens
1119 4378 1286 4446 susm
1305 4401 1400 4463 neque
1429 4381 1514 4450 haec

329 4489 363 4552 in
371 4489 545 4573 principem
558 4495 614 4556 ant
620 4490 776 4575 principis
783 4493 954 4574 parentem,
967 4509 1041 4572 qnos
1055 4489 1103 4554 lea
1114 4487 1283 4554 iuuencis
1291 4488 1513 4572 amplectitur:
