3152 5222
553 474 771 540 ..25-

104 658 158 700 mur
182 634 413 713 barbarismum
440 657 510 700 esse
538 633 669 718 vitium,
697 635 782 718 quod
811 636 868 698 fiat
899 634 934 698 in
965 634 1103 719 singulis
1136 633 1244 699 uerbis

103 741 188 806 iain
204 740 451 826 orthographia,
468 740 591 825 formis,
610 738 695 824 sim.;
718 740 770 804 cui
789 741 984 806 contrarium
1005 762 1075 806 esse
1095 740 1245 805 soloecis-

102 871 172 912 mum
196 849 228 912 in
251 846 422 912 verborum
446 846 672 912 coniunctione
695 847 853 930 pesitum,
882 847 903 912 i.
927 869 952 912 e.
976 847 1010 910 in
1033 827 1163 931 syntaxi
1192 844 1245 933 (cf.

102 955 178 1033 §342
202 959 297 1020 calma
319 953 398 1018 uitia
420 955 526 1018 ommia
548 953 751 1034 expluribus
777 954 898 1019 uocibus
927 958 1013 1031 meat,
1045 975 1175 1035 quorum
1203 959 1248 1020 cst

100 1063 282 1139 amaeam)
306 1083 363 1125 seu
382 1059 455 1144 ipsa
472 1063 636 1124 structura
659 1057 703 1125 sit
725 1063 797 1124 tota
816 1060 948 1145 vitiosa,
971 1082 1027 1124 seu
1051 1060 1147 1125 unica
1169 1081 1246 1125 voce

101 1169 285 1251 perturbetur
312 1163 364 1252 (ef.
384 1168 404 1246 ξ
423 1167 465 1230 38
497 1169 589 1243 atque
617 1169 654 1229 at
681 1186 800 1230 ammom
829 1167 977 1250 effipiam
1005 1167 1247 1232 cavillatorum:

100 1274 132 1336 eit
157 1269 391 1360 (soloecismus)
422 1272 591 1352 aliquunde
623 1273 658 1336 im
689 1291 751 1336 amo
783 1272 883 1352 umbo,
918 1290 1081 1350 mremqaom
1118 1274 1152 1337 im
1183 1273 1247 1338 sole

100 1379 191 1464 umbe).
212 1417 256 1426 -
283 1379 432 1472 Breviter
461 1377 540 1456 haec
576 1377 671 1443 nobis
702 1377 891 1463 exponenda
923 1382 1016 1444 erant
1045 1383 1179 1464 propter
1210 1401 1248 1444 ea

27 1507 28 1524 ¹
100 1509 165 1570 quae
185 1491 371 1572 sequuntur.
417 1483 531 1568 Pergit
558 1484 644 1550 enim
672 1484 892 1561 Quintilianus
920 1485 955 1550 in
982 1487 1077 1566 §382
1105 1487 1160 1566 qui
1183 1487 1247 1568 ple-

99 1593 205 1658 nissime
220 1590 276 1679 (sc.
288 1593 326 1657 de
341 1591 526 1657 soloecismi
542 1591 710 1676 speciebus
726 1588 910 1678 quaerunt),
929 1593 1186 1676 quadripertitam
1198 1614 1248 1658 oo·

99 1699 374 1766 laulcsseroliemcm
385 1748 438 1783 ...‚
451 1699 553 1780 atsiat
566 1698 834 1781 adiectione...‚
848 1700 1089 1765 detractione:
1103 1699 1249 1784 „amma

98 1805 185 1870 uiam“
211 1803 285 1892 (pro
308 1809 344 1872 ia
366 1802 446 1891 oio),
467 1805 630 1889 „Aepypte
652 1803 760 1869 uenio“
786 1801 859 1890 (pro
882 1826 920 1871 ca
938 1803 1088 1893 Acpypto)
1111 1827 1175 1891 „me
1196 1805 1250 1871 leoc

26 1949 27 1998 y
97 1911 173 1989 licit‘
185 1911 357 2000 (emissum
371 1909 581 1998 estquidam),
597 1913 979 1998 transmarinorum,
993 1913 1251 1977 immutatione

98 2014 170 2102 (me
186 2017 253 2105 41).
272 2055 316 2066 -
334 2022 354 2100 ξ
373 2019 432 2083 40:
454 2018 526 2082 laec
548 2019 611 2082 tria
630 2039 744 2102 penora
767 2015 825 2105 (sc.
843 2018 961 2084 uitium
981 2018 1171 2085 adiectionis
1198 2018 1250 2083 de-

99 2125 250 2191 tractionis
282 2122 580 2212 transmutationis)
617 2126 745 2207 qudam
772 2127 924 2191 &ducaret
954 2148 976 2190 a
1007 2127 1192 2208 soloecistam
1223 2130 1252 2190 el

98 2233 259 2299 meabas
276 2234 386 2297 ailiam
401 2227 675 2316 ,,πλεονασμόν“,
693 2232 939 2298 detractionis
966 2234 1251 2317 ,,ἒλλειψιν“...

26 2331 27 2338 ¹
98 2345 196 2406 emant.
243 2340 341 2404 Patet
362 2338 446 2404 hanc
469 2339 600 2424 ellipsin
623 2339 663 2403 ad
686 2339 861 2404 manifesta
887 2340 969 2405 vitia
996 2340 1177 2424 syntectica
1199 2338 1252 2403 vel

98 2447 130 2510 ed
149 2451 326 2512 structuras
351 2469 370 2510 a
393 2445 556 2512 cotidiana
579 2445 706 2511 dicendi
728 2445 855 2512 ratione
879 2446 1002 2511 alienas
1030 2467 1100 2510 esse
1129 2444 1251 2510 relatas

99 2553 333 2638 aquibusdam3
366 2552 398 2617 id
428 2551 514 2636 quod
542 2551 607 2616 ianr
630 2551 762 2637 Trypho
789 2553 905 2618 fecisse
933 2551 1062 2618 videtur
1088 2551 1125 2616 in
1146 2551 1251 2637 tropis

25 2657 27 2678 ⁸
98 2660 306 2742 grammaticis
321 2657 537 2724 recensendis:
557 2658 596 2724 cf.
606 2658 762 2744 apWala.
772 2660 792 2724 l.
801 2659 821 2724 l.
831 2659 942 2744 p.745.‚
953 2657 1103 2745 Spengel.
1111 2658 1162 2724 III
1179 2658 1253 2744 198,

97 2763 172 2832 hisce
194 2766 318 2832 verbis:
340 2761 458 2850 τρόποι
481 2761 542 2849 μὲν
567 2753 629 2830 οὖν
654 2753 747 2830 οὗτοι
777 2762 878 2852 (inter
908 2787 989 2850 ques
1012 2765 1130 2831 habuit
1152 2763 1253 2831 etiam

171 2985 195 3034 2.
223 2977 384 3048 generalem
412 2976 486 3030 hane
511 2973 705 3030 definitionem
728 2974 764 3030 ad
788 2973 1006 3045 etymologicam
1033 2973 1113 3030 illam
1138 2972 1254 3045 ellipsin

96 3065 180 3122 referri
190 3084 207 3121 a
217 3066 368 3137 Tryphone
378 3082 411 3120 ae
421 3065 530 3119 Zoneec
546 3067 575 3120 et
584 3065 619 3119 ab
631 3080 664 3118 ee
674 3062 787 3118 uberius
796 3064 922 3132 tractari,
933 3082 996 3119 curn
1006 3061 1145 3135 expressis
1160 3061 1254 3118 verbis

25 3195 26 3206 ,
96 3153 178 3223 addat,
198 3155 248 3211 ubi
267 3156 302 3210 de
322 3153 442 3223 litterae,
462 3152 511 3208 ubi
529 3153 565 3209 de
584 3151 709 3223 syllabae
729 3155 829 3222 agatur
847 3153 1035 3222 detractione,
1060 3155 1093 3208 et
1113 3151 1255 3208 describat

25 3309 26 3318 χ
96 3245 269 3310 syntacticem
295 3243 536 3315 praepositionum
570 3239 714 3297 neminum
743 3241 894 3296 verborum
924 3240 1112 3297 omissionem.
1157 3241 1254 3310 Itaque

25 3337 26 3352 ¹
97 3330 299 3402 Zonaeum,etei
309 3331 511 3404 primisrerbie
522 3349 607 3403 supra
616 3330 711 3386 allatis
730 3330 915 3400 ἔλλειψις-δῶ
930 3331 1015 3401 plane
1030 3348 1094 3386 cum
1103 3330 1254 3401 Tryphone

95 3423 237 3491 censentit,
257 3439 292 3476 ex
309 3420 372 3492 ipso
391 3422 540 3492 Tryphone
558 3423 654 3477 tamen
672 3436 728 3474 nen
746 3421 872 3476 hausisse
892 3420 1073 3475 statuendum
1092 3422 1143 3474 est.

156 3518 180 3566 3.
206 3510 369 3582 generalem
388 3509 580 3566 definitionem
603 3510 639 3564 ad
659 3509 750 3564 solam
772 3509 957 3579 syntactieam
980 3507 1079 3563 referri
1102 3505 1217 3577 ellipsin
1239 3524 1270 3586 a¹

95 3597 293 3668 Choerebosc0‚
314 3599 397 3670 Greg.
417 3599 575 3668 Corinthio,
595 3615 746 3668 anonymc;
766 3597 901 3668 exemplis
914 3596 1024 3652 omissis
1036 3597 1122 3667 plane
1134 3595 1209 3651 inter
1226 3613 1255 3650 se

25 3675 26 3760 J
95 3689 244 3744 consentire
252 3687 479 3746 Choerebosenm
489 3691 518 3744 et
527 3704 709 3757 anonymum
723 3687 822 3743 eadem
835 3686 963 3757 exempla
972 3684 1100 3741 exhiberi
1109 3703 1126 3740 a
1135 3684 1256 3740 Chaere·

94 3773 170 3832 bosco
189 3779 220 3832 et
239 3775 385 3846 Gregoric.
423 3777 479 3832 Sed
498 3795 561 3832 eum
579 3794 614 3832 ne
638 3794 708 3833 unus
731 3775 845 3846 quidem
870 3776 989 3831 secedat
1012 3773 1197 3829 similitudine
1220 3773 1256 3828 ad

25 3857 26 3862 '
95 3863 188 3920 Zonaei
206 3866 287 3920 illam
301 3865 473 3935 syntecticus
492 3865 623 3936 ellipseos
643 3862 848 3931 definitionem,
872 3863 997 3917 firmatur
1015 3860 1058 3931 id,
1078 3863 1153 3932 quod
1173 3878 1257 3931 supra

94 3951 286 4023 iudicavimus,
307 3956 435 4025 spectare
453 3955 526 4009 hane
545 3955 581 4008 ad
600 3951 847 4025 grammaticorum
865 3950 1031 4008 doctrinam.

157 4043 265 4109 Quibus
284 4061 319 4098 ex
336 4044 419 4098 rebus
437 4042 560 4098 breviter
578 4041 729 4114 disputatis
743 4041 967 4096 concludendum
985 4043 1029 4096 est
1045 4041 1164 4094 alteram
1178 4037 1257 4092 illam

25 4115 26 4126 ¹
93 4127 190 4188 Zeiraei
208 4132 321 4187 nomine
339 4131 506 4202 inscriptam
520 4131 726 4200 definitionem,
746 4147 818 4200 quae
833 4129 936 4200 incipit
948 4129 984 4184 ab
999 4145 1068 4185 voce
1083 4124 1180 4194 illue,
1196 4144 1257 4182 esea

94 4219 215 4275 additam
233 4222 269 4275 ab
289 4215 431 4290 anonyme
446 4221 581 4291 quodam,
608 4220 656 4290 qui
678 4223 707 4276 et
725 4219 863 4290 tropicam
882 4217 962 4273 illam
979 4235 998 4272 a
1015 4215 1174 4272 rhetoribus
1194 4233 1257 4287 pro-

93 4309 211 4378 positam
234 4309 349 4380 ellipsin
372 4309 546 4380 singularum
567 4309 725 4366 litterarum
743 4307 969 4378 syllabarumque
988 4309 1018 4362 et
1036 4301 1223 4375 syntactieam
1242 4321 1259 4358 a

25 4455 26 4464 ¹
92 4398 279 4466 grammaticis
299 4399 419 4454 tractari
442 4397 555 4453 solitam
578 4396 712 4467 cognouit
735 4413 886 4467 earumque
911 4393 1090 4457 definitiones
1114 4392 1259 4449 coniunxit

25 4509 26 4528 1
93 4487 133 4556 (cl.
150 4487 297 4557 Steusloff,
316 4488 335 4545 L
350 4488 369 4544 l.
385 4506 412 4559 p.
429 4489 567 4558 18-20).
