3152 5222
540 488 759 550 „67-

25 629 27 772 ἰ
95 646 114 710 ei
126 669 163 730 ee,
180 669 258 732 quae
271 646 344 731 quis
358 645 537 731 cogitasset
550 647 602 712 rel
616 648 744 712 locutus
758 649 846 712 esset
859 647 894 712 in
907 669 943 713 re
961 648 1071 734 aliqua
1089 649 1238 735 gerenda,

25 805 27 852 l

25 779 27 802 ι
95 753 216 818 oratione
230 753 363 837 obliqua
376 753 440 837 ipsi
453 753 500 818 rei
515 758 606 819 actae
625 754 835 839 descriptioni
854 754 1121 841 adiungerentur3
1143 755 1237 821 Taci-

25 885 26 928 ς
93 866 145 924 tun
169 865 274 926 autem
306 881 345 925 eo
372 859 591 946 contendisse,
617 884 658 926 ne
688 863 796 927 oratio
820 860 958 947 obliqua
986 862 1051 927 nisi
1079 885 1236 948 personae

25 943 26 1006 l
93 972 168 1032 ansa
198 971 395 1033 memoratae
427 967 489 1031 hac
517 967 644 1033 ratione
678 968 885 1036 induceretur
909 965 961 1054 (ef.
976 968 1016 1033 ad
1031 969 1093 1036 An.
1104 969 1169 1035 XII
1185 971 1238 1054 64,

92 1074 127 1138 ed.
138 1073 181 1138 lII
193 1097 222 1159 p.
237 1075 291 1160 97,
306 1072 350 1161 8).
373 1109 414 1122 -
440 1075 635 1140 Accuratius
658 1079 768 1141 autem
791 1097 876 1141 nunc
903 1075 937 1139 in
965 1075 1111 1161 singulas
1138 1075 1236 1141 huius

92 1180 343 1266 breviloquentiae
365 1179 488 1246 formas
507 1181 696 1267 inquisituri
715 1182 865 1248 lubenter
887 1181 1030 1247 fatemur
1053 1183 1153 1247 etiam
1176 1205 1236 1248 nos

90 1308 138 1350 non
153 1291 254 1353 totam
272 1289 356 1354 hanc
374 1289 517 1372 amplam
536 1289 706 1354 materiem
721 1288 1013 1374 comprehendisse,
1030 1289 1087 1354 sed
1106 1288 1237 1373 singula

90 1395 208 1479 nutum,
238 1417 322 1481 quae
352 1398 391 1458 ut
423 1394 458 1459 in
490 1395 700 1478 sequentibus
725 1395 883 1480 explicem
914 1395 1056 1460 maxime
1085 1393 1235 1479 adducor,

90 1521 144 1562 cun
164 1501 278 1566 idonea
301 1501 580 1588 mihi'videautur,
603 1524 685 1586 quae
708 1505 742 1567 et
765 1502 965 1587 singularem
983 1500 1135 1566 Taciteae
1158 1500 1236 1564 scri-

90 1605 164 1671 bendi
185 1607 322 1672 rationis
350 1608 582 1691 proprietatem
615 1609 697 1674 satis
731 1609 925 1674 adumbrent
957 1612 990 1675 et
1022 1609 1116 1694 quasi
1149 1607 1235 1672 viam

90 1717 262 1799 monstrent,
300 1736 365 1798 qua
402 1714 474 1799 quis
511 1715 657 1780 funditus
690 1738 760 1781 eam
798 1737 867 1781 rem
903 1716 1079 1782 hausturus
1112 1714 1235 1799 optime

88 1820 234 1901 procedere
257 1821 388 1906 poterit.

192 2173 219 2255 Ι.
263 2173 315 2258 De
344 2173 521 2256 erutione
549 2173 713 2278 obliqua
739 2173 877 2258 verbis
906 2173 1105 2257 adiuncta.

87 2330 199 2400 Oratio
219 2336 383 2422 obliqua
403 2338 578 2422 sequitur
597 2337 843 2404 enuntiatum
862 2337 1089 2423 primarium
1103 2335 1235 2400 verbis

86 2443 354 2527 sententiisque
373 2444 609 2529 absolutum3
632 2445 707 2510 vim
728 2444 846 2509 habet
863 2441 1235 2529 epexegeticam,i.e.

86 2551 215 2629 spectat
231 2571 290 2634 eo,
304 2555 347 2614 ut
361 2553 427 2615 aut
439 2572 483 2616 ea
498 2573 592 2634 quae
607 2556 721 2618 antea
734 2556 895 2618 narrata
911 2555 1000 2616 sunt
1014 2548 1235 2614 accuratius

85 2654 310 2736 explicentur
333 2661 399 2721 aut
421 2678 559 2722 causae
583 2657 940 2742 cogitationesque,
968 2654 1108 2741 quibus
1137 2677 1235 2720 com-

84 2764 190 2826 notus
222 2763 309 2847 quis
341 2784 401 2830 res
432 2763 542 2828 modo
573 2764 792 2848 descriptas
822 2763 1049 2848 perfecerit,
1080 2761 1235 2846 planius

434 2913 439 2926 ·
497 2869 799 2955 perspiciantur.

129 3018 165 3073 Δ.
179 3018 222 3074 In
235 3019 435 3089 praedicato
450 3021 623 3076 enuntiati
636 3021 792 3091 primarii
807 3024 860 3078 est
873 3021 1020 3076 verbum
1034 3017 1172 3074 dicendi

130 3115 181 3170 vel
208 3117 396 3186 sentiendi,
424 3130 469 3173 ex
496 3133 565 3188 quo
600 3118 693 3188 ipso,
723 3132 804 3176 cum
831 3118 990 3176 absolute
1019 3117 1172 3187 positum

128 3215 303 3284 propriam
332 3215 506 3272 enuntiati
532 3216 588 3271 aui
620 3217 830 3274 sententiam
862 3218 987 3272 reddat
1021 3215 1173 3285 plenam,

129 3313 235 3368 oratio
260 3326 349 3383 quae
372 3313 531 3383 sequitur
554 3314 697 3384 obliqua
716 3329 788 3372 non
809 3316 955 3385 pendet3
978 3313 1173 3370 meandum

128 3410 296 3466 rationem
323 3411 585 3480 grammaticam
607 3417 669 3470 aut
691 3412 808 3483 ipsum
834 3412 926 3470 illud
948 3413 1095 3468 verbum
1117 3422 1171 3466 eo·

128 3507 289 3574 gitatlone
306 3510 536 3580 repetendum
551 3514 613 3568 aut
627 3525 758 3568 novum
771 3513 919 3568 verbum
937 3508 1172 3581 supplendum

244 3611 307 3676 est,
329 3608 423 3664 unde
443 3607 552 3665 oratio
576 3608 718 3679 obliqua
741 3608 1053 3690 propr-teregatur.

151 3738 192 3805 H.
206 3738 224 3803 I
237 3740 289 3826 86,
308 3743 324 3806 1
343 3763 423 3826 seq:
440 3741 589 3825 prodiyie
606 3743 732 3825 insuper
750 3742 901 3807 terrebant
917 3741 1044 3805 dicares
1062 3738 1234 3803 annaeus

78 3843 198 3924 copem:
225 3848 259 3910 in
276 3845 419 3910 cosmica
445 3845 593 3929 (lapitete'c'
625 3850 754 3914 emesae
776 3849 911 3914 tabem
937 3848 1023 3930 bique
1050 3851 1083 3912 et
1102 3870 1132 3932 q.
1142 3867 1232 3930 sq*-

78 3945 116 4013 lll
134 3952 182 4036 13,
196 3953 217 4016 9
229 3975 309 4037 seq:
331 3953 385 4016 sed
402 3953 455 4016 etr·
474 3955 543 4018 totis
557 3956 668 4020 cestris
686 3957 722 4020 ia
742 3956 832 4036 foma
845 3956 996 4039 proditio,
1018 3973 1177 4019 recurrens
1198 3952 1234 4014 irc

74 4057 218 4141 conopia
247 4061 335 4124 miles
357 4061 585 4143 ...poscas
621 4062 735 4127 Vitellii
771 4062 888 4144 effipies
925 4062 1078 4143 adspexit,
1113 4063 1234 4124 eastum

73 4164 162 4238 primo
184 4166 355 4251 silentium,
384 4187 457 4232 neoc
486 4172 595 4232 cancta
623 4169 717 4232 emal
739 4172 918 4252 acceperet:
947 4167 1005 4231 leue
1033 4167 1171 4230 ceoidrsse

75 4267 210 4355 rmum,
233 4278 267 4336 ut
289 4275 323 4338 et
341 4294 371 4356 q.
389 4295 428 4356 s.;
454 4310 490 4320 —-
516 4273 624 4359 1128,
643 4275 758 4358 5seq.:
788 4275 869 4357 qaod
895 4274 948 4338 eti
970 4273 1111 4337 auditum
1133 4272 1233 4354 volpe

77 4377 198 4459 luneque,
222 4400 355 4443 emerem
385 4381 473 4462 socii,
495 4380 625 4460 [remae
646 4381 773 4457 militee;
806 4381 910 4446 orum
940 4399 973 4443 sc
993 4379 1232 4459 fmtissirnorum

76 4482 200 4548 cereum
232 4486 369 4560 auxilia·
409 4491 517 4550 aemes
553 4487 625 4552 illos
663 4492 696 4551 et
713 4511 742 4572 q.
761 4511 802 4571 s.;
829 4523 871 4533 -
900 4485 962 4552 An.
983 4486 999 4550 l
1021 4487 1056 4570 8,
1079 4485 1122 4548 24
1145 4508 1228 4569 seq:

149 4591 155 4604 „
979 4589 1015 4644 ὅ*
