3176 5220
786 479 1006 543 ..50-

479 640 514 705 5:
533 661 622 704 casu
647 638 823 724 obliquo,
851 661 960 724 quem
988 636 1166 723 sequitur
1190 638 1316 703 oratio

312 765 455 849 obliqua,
473 765 635 829 indicatur
654 763 788 828 omissio
807 763 897 829 verbi
917 763 1044 828 dicendi
1062 763 1124 826 hoc
1146 784 1210 827 uno
1236 786 1331 848 quem
1352 761 1482 827 enotavi

312 872 396 936 loco:
419 870 461 936 H.
474 870 524 935 ΙΙΙ
539 871 599 956 38,
615 871 656 935 14
666 893 690 936 s.
713 892 842 936 consenc
864 871 1053 952 confusionis
1076 871 1248 948 quaerenti,
1278 891 1341 934 uon
1361 890 1391 934 se
1407 889 1483 952 pro-

307 980 381 1060 prio
404 983 486 1043 rectu
508 998 562 1042 nec
583 977 634 1044 sui
655 979 803 1063 amium,
829 978 883 1042 sed
897 999 958 1061 pro
979 975 1254 1060 fratre...preees
1282 977 1485 1057 mortuusque

313 1085 459 1150 attulisse.

861 1334 934 1414 §Z

312 1473 470 1540 Verbum
494 1474 638 1540 finitum
661 1474 849 1540 omittitur
872 1475 911 1539 in
930 1473 1129 1540 enuntiatis
1149 1475 1319 1542 brevibus
1337 1475 1487 1560 propter

557 1581 733 1648 orationis
756 1582 918 1662 rigorem
942 1581 1240 1663 gravitatemque.

401 1705 533 1771 Tacitus
562 1708 596 1771 in
625 1707 736 1772 vivida
765 1707 912 1773 oratione
942 1708 1112 1772 enuntiata
1141 1707 1335 1773 brevissima
1364 1709 1487 1773 omisso

315 1811 411 1877 verbo
434 1813 654 1897 praedicativo
677 1815 764 1879 haud
787 1836 860 1879 raro
884 1813 1099 1879 conformavit
1121 1815 1252 1879 nomine
1271 1814 1410 1880 subiecti
1431 1817 1488 1878 aut

313 1920 383 1984 solo
406 1920 515 2003 posito
540 1925 597 1984 aut
621 1942 692 1984 cum
715 1920 849 1986 notione
868 1919 1062 1984 attributiva
1084 1922 1136 1985 vel
1160 1920 1282 1987 modali
1305 1921 1488 1985 coniuncta

312 2025 457 2092 Verbum
489 2027 744 2111 praedicativum
783 2049 879 2092 sensu
916 2027 1080 2091 communi
1118 2027 1338 2094 desideratum
1372 2030 1488 2112 sponte

313 2120 407 2217 quasi
431 2134 553 2199 occurit
576 2139 633 2199 aut
657 2157 695 2198 ex
708 2134 790 2220 ipsa
812 2134 953 2198 nominis
977 2133 1116 2200 subiecti
1139 2134 1397 2220 significatione,
1424 2155 1488 2218 qua

275 2280 277 2282 -
314 2241 409 2304 verbi
428 2241 542 2306 omissi
564 2246 682 2306 natura
701 2241 976 2306 circumscribitur
995 2239 1048 2328 (cf.
1067 2241 1107 2307 H.
1121 2241 1139 2305 I
1154 2243 1207 2326 40,
1224 2243 1245 2306 3
1263 2261 1361 2323 neque
1376 2239 1489 2324 populi

312 2352 368 2412 eut
383 2347 485 2430 plebis
506 2349 574 2414 ullu
598 2367 674 2413 enee:
698 2352 790 2432 patet
812 2348 1030 2433 supplendum
1052 2370 1123 2413 esse
1143 2329 1409 2436 audiebatur),
1432 2352 1488 2412 aut

312 2477 351 2520 ex
369 2455 503 2520 notione
527 2454 648 2520 modali
667 2451 720 2542 (ut
738 2454 900 2519 adverbiis
919 2455 992 2540 loci,
1014 2452 1069 2541 al.)
1089 2459 1147 2519 aut
1169 2477 1209 2520 ex
1232 2458 1304 2521 toto
1329 2455 1488 2520 orationis

311 2562 437 2627 habitu.
483 2561 602 2627 Utrum
629 2562 692 2626 hoc
719 2584 760 2626 an
787 2561 868 2625 illud
902 2562 1036 2627 verbum
1066 2562 1187 2626 rectius
1217 2563 1424 2647 suppleatur,
1452 2562 1488 2624 ut

313 2691 426 2733 sensus
450 2669 598 2733 absolute
621 2668 818 2753 perficiatur,
840 2689 936 2753 saepe
960 2668 1015 2732 vix
1038 2668 1102 2732 dici
1124 2672 1243 2754 potest,
1267 2667 1344 2752 qnia
1368 2671 1490 2752 orator,

313 2798 386 2841 cum
408 2775 456 2840 ita
479 2775 622 2840 breviter
646 2775 811 2860 scriberet,
833 2775 904 2859 ipse
922 2775 1117 2860 'plerumque
1140 2779 1298 2840 nontam
1322 2775 1363 2839 ad
1386 2797 1488 2839 unum

313 2888 433 2948 certum
458 2882 608 2967 verbum,
631 2904 728 2966 quam
752 2882 793 2946 ad
816 2882 912 2947 unius
928 2875 1063 2967 *generis
1087 2881 1187 2947 verba
1210 2887 1376 2966 spectasse
1398 2880 1488 2946 vide-

312 2994 374 3054 tur.
420 2987 524 3074 Saepe
547 2988 696 3053 dubitare
719 2989 809 3075 licet,
840 2994 950 3055 utrum
979 2989 1013 3052 in
1043 2988 1222 3053 enuntiatis
1253 2987 1294 3053 ab
1316 2987 1488 3053 'adverbiis

313 3096 424 3180 unde,
442 3097 556 3181 inde,
587 3095 675 3161 hinc
707 3096 936 3188 incipientibus
964 3095 1099 3161 verbum
1131 3117 1217 3160 esse
1247 3094 1489 3180 significatione

312 3202 404 3267 verbi
436 3202 595 3266 existendi
624 3204 808 3288 praeditum
837 3225 878 3267 an
906 3203 994 3267 aliud
1020 3203 1167 3276 eiusdem
1194 3202 1322 3290 generis
1350 3201 1489 3267 verbnm

313 3309 529 3393 supplendum
565 3309 617 3374 sit.
656 3306 710 3394 (cf.
739 3309 838 3389 etiam
866 3309 1047 3395 Andresen,
1079 3308 1264 3375 Jahresber.
1289 3310 1373 3375 1877
1397 3332 1428 3393 p.
1446 3308 1488 3374 59

313 3412 698 3501 a9afflpfflam
1553 3403 1556 3417 ’

404 3559 480 3624 l.In
487 3557 664 3624 enuntiatis
671 3556 832 3643 brevibus,
841 3580 922 3642 quae
930 3561 1082 3622 constant
1089 3561 1147 3623 ant
1155 3558 1331 3623 eunomiae
1339 3557 1488 3624 subiecto

313 3668 346 3730 et
367 3666 500 3730 notione
525 3666 555 3729 ei
578 3665 730 3730 adiuncta
753 3665 946 3729 attributive
965 3665 1016 3729 vel
1041 3665 1226 3750 modaliter,
1254 3669 1311 3729 aut
1343 3687 1382 3730 ex
1405 3665 1488 3729 solis

311 3771 498 3837 'nominibus
521 3771 669 3855 subiecti,

402 3911 434 3999 a)
458 3913 582 3977 formae
600 3914 690 3978 verbi
709 3913 789 3979 fiori
804 3910 1054 4001 (geschehen,
1074 3912 1326 3998 stattfinden,
1344 3911 1487 3998 geben)

312 4020 458 4106 suppleri
479 4022 630 4105 possunt:
1263 4010 1271 4016 ’
1570 4019 1571 4052 ¹

402 4163 624 4249 H.116,9s10:
647 4164 736 4228 butte
750 4164 857 4228 seditio
873 4163 1033 4248 byturum,
1049 4167 1171 4227 tuamen
1185 4164 1332 4228 adrasus
1349 4159 1489 4228 Peritos
1570 4109 1571 4202 i

312 4272 425 4356 minoe,
446 4272 534 4336 eurio
556 4275 678 4347 eventa
698 4308 738 4316 --
758 4269 907 4356 ulcu,
924 4271 977 4336 12:
1000 4291 1053 4335 uec
1075 4271 1140 4334 eam
1166 4275 1279 4335 secretu
1305 4269 1488 4352 eubmtutie

312 4378 366 4442 sed
388 4378 531 4460 petreae
545 4399 669 4462 praem
696 4414 731 4423 -
757 4377 858 4463 1121,
876 4377 984 4463 lens:
1012 4379 1169 4462 utrimque
1184 4378 1304 4463 pudor,
1331 4377 1487 4459 utumque

310 4484 413 4567 prore
440 4490 468 4550 et
494 4486 633 4552 divesne
658 4486 898 4563 &tutationem
921 4522 963 4562 ,-
987 4485 1093 4573 V16,
1106 4485 1141 4552 5:
1172 4485 1340 4552 &tutatio
1372 4485 1487 4549 dueum
