3152 5222
17 479 19 588 p
558 478 776 542 -ee-

17 597 18 652 l

17 653 18 696 3
99 635 214 722 obliqua
228 635 434 702 coniunctivo
449 637 656 702 adhortative
666 637 869 702 conformata
878 636 1056 702 invenitur:
1071 636 1136 702 Η.Ι
1147 637 1184 701 41
1189 689 1198 721 ,
1211 638 1252 702 10

93 745 183 826 pluras
200 744 341 810 obtulisse
358 744 439 810 nttro
455 745 685 827 pncuesncben
704 744 861 826 inpntnn:
883 749 1007 826 canent
1019 765 1056 810 ac
1070 744 1206 827 fratrent,
1223 744 1253 808 ss'

96 825 541 934 nerepnna'nnrnr.
831 889 834 894 -

17 897 19 1030 l
170 955 342 1024 Notandus
366 961 417 1022 est
438 958 529 1022 locus
553 956 869 1043 An.1V55,13s14:
892 956 961 1022 cod.
988 955 1194 1040 Perpenncnos
1216 978 1249 1022 eo

17 1053 19 1210 p
95 1065 149 1146 apso
168 1064 344 1128 nitebantur
369 1064 443 1128 nedb
465 1064 605 1147 Anpnsto
632 1065 677 1130 tn·
705 1067 799 1130 nnn
826 1065 902 1129 satta
928 1065 1050 1148 adeptos
1073 1061 1253 1129 creditnn.“

17 1229 18 1262 ,
94 1168 229 1234 Priorum
255 1170 417 1236 editorum
442 1170 625 1257 explicatio,
649 1193 713 1255 qua
736 1169 834 1234 verba
857 1173 972 1234 nostra
995 1169 1083 1235 dicta
1105 1191 1176 1235 esse
1195 1192 1250 1236 vo-

93 1276 209 1340 luenmt
236 1298 297 1361 pro
320 1276 524 1361 Parymnenos
546 1272 594 1359 (eo
620 1279 687 1360 'naso
710 1275 898 1356 nitebantur)
909 1277 1024 1342 oedem
1038 1325 1064 1342 ..
1077 1278 1171 1342 sitnm
1194 1274 1252 1363 (sc.

93 1380 229 1471 adeptos)
258 1386 335 1450 sutis
355 1386 478 1468 adeptos
500 1404 562 1450 esse
583 1385 742 1462 creditum,
770 1382 977 1448 artificiosior
1003 1387 1066 1468 est,
1094 1405 1193 1468 quam
1214 1388 1252 1449 nt

92 1489 119 1553 in
146 1512 215 1554 eam
250 1491 433 1556 accuratius
465 1489 676 1575 inquiramus.
722 1489 868 1575 Lipsius,
904 1511 1000 1575 quem
1040 1490 1143 1556 secuti
1175 1494 1252 1556 sunt

91 1595 192 1682 Halm,
221 1596 425 1682 Nipperdey,
462 1596 576 1683 Orelli,
613 1596 771 1682 Draeger,
809 1597 940 1680 scripsit
969 1595 1174 1681 Perpnncnos
1203 1595 1251 1680 (eo
1287 1585 1289 1590 ¹

91 1705 146 1785 npso
174 1704 367 1787 nitebantur)
397 1705 470 1770 neda
496 1739 540 1751 -
568 1705 636 1769 sna
672 1708 749 1768 sutis
786 1704 909 1786 adeptos
941 1705 1104 1781 creditam
1137 1726 1250 1770 sensus

90 1810 230 1896 quadrat,
264 1810 321 1876 sed
352 1810 555 1897 parenthesis
587 1810 764 1876 violentius
796 1808 955 1874 orationis
987 1833 1116 1876 cursum
1147 1811 1248 1876 inter-

89 1918 202 2002 rumpit
224 1940 330 2002 neque
353 1917 449 1983 facile
470 1917 689 2003 intellegitur,
712 1938 777 2001 qua
799 1917 925 1981 ratione
948 1918 1133 2003 corruptela
1161 1919 1250 1983 aedd-

87 2026 173 2088 n'tnrn
197 2029 273 2089 orta
296 2024 350 2090 sit.
396 2023 483 2089 Vera
510 2023 590 2088 mihi
622 2023 751 2088 videtur
777 2021 899 2088 Ritteri
927 2023 1111 2089 emendatio
1135 2024 1251 2108 Perpa-

16 2209 17 2212 ,
88 2151 179 2196 nnnos
192 2152 228 2196 co
241 2151 310 2214 qno
323 2133 390 2214 ipso
403 2132 585 2213 nitebantur,
603 2131 840 2215 aeden-sitan,
857 2131 934 2195 satis
953 2131 1075 2213 adeptos
1089 2132 1251 2207 credttnm

16 2223 17 2264 l
88 2239 231 2304 similiter
250 2237 359 2302 Haase
378 2238 509 2323 scripsit
527 2238 731 2320 Perpnnencs
749 2257 819 2318 qno
835 2238 902 2320 apso
920 2238 1096 2302 nitebantur
1118 2241 1151 2302 et
1166 2259 1196 2321 q.
1211 2259 1250 2302 s.:

87 2343 285 2430 Pergamenii
304 2344 390 2410 enim
410 2348 447 2410 ut
463 2366 585 2410 novum
603 2343 761 2429 templum
780 2343 812 2407 in
833 2342 900 2408 suis
914 2344 1033 2409 finibus
1053 2347 1250 2410 statueretur

85 2452 246 2534 postulare
269 2472 367 2535 posse
396 2449 547 2515 arbitrati
577 2453 666 2534 sunt,
697 2449 774 2534 quia
801 2450 914 2514 aedem
943 2451 1093 2536 Augusto
1124 2470 1249 2516 sacram

84 2557 141 2622 iam
176 2557 392 2644 possiderent.
446 2556 556 2622 Verba
587 2556 689 2641 igitur
721 2555 1006 2622 aedem-sitam
1043 2556 1250 2641 epexegetice

85 2665 189 2730 addita
214 2665 349 2730 suntad
369 2664 573 2730 enuntiatum
593 2686 650 2748 eo,
680 2684 752 2748 quo
775 2661 1022 2749 nitebantur3
1045 2662 1249 2728 accusativus

84 2777 111 2836 et
138 2771 324 2838 infinitivus
348 2771 631 2836 aedem-sitam
659 2792 705 2835 sc.
737 2790 823 2834 esse
853 2769 974 2853 pendet
1004 2793 1042 2834 ex
1072 2769 1172 2836 verbo
1204 2769 1249 2835 di-

84 2879 185 2965 cendi,
210 2879 296 2964 quod
318 2878 401 2944 latet
423 2877 458 2942 in
480 2877 613 2942 notione
636 2875 877 2941 nitebantur.
1233 2953 1236 2958 Ι
1260 2919 1274 2974 ,

142 3130 180 3184 B.
212 3129 266 3183 Etx
284 3127 391 3182 verbo
409 3125 644 3197 praedicativo
663 3124 836 3180 enuntiati
854 3123 1012 3194 primarii
1030 3138 1102 3180 non
1124 3126 1182 3180 ab·

142 3227 260 3282 solute
282 3225 395 3295 posito
420 3225 550 3295 pendet
572 3223 794 3278 enuntiatum
812 3222 1072 3290 secundarium
1102 3223 1184 3278 dein

141 3324 306 3394 sequitur
340 3321 560 3393 epexegetioe
591 3320 701 3378 oratio
731 3320 873 3390 obliqua
910 3320 954 3375 ab
985 3321 1183 3376 accusativo

141 3437 172 3480 c.
187 3422 250 3478 int.
273 3421 459 3490 incipiens,
482 3432 572 3489 quae
594 3419 735 3474 ommno
758 3432 830 3474 non
847 3420 977 3488 pendet
1008 3431 1053 3473 ex
1075 3418 1182 3473 verbo

141 3519 319 3576 enuntiati
340 3517 508 3589 primarii,
531 3519 660 3573 sodex
684 3518 790 3572 verbo
809 3516 1015 3586 supplendo,
1038 3530 1108 3585 quo
1131 3515 1182 3570 ln·

199 3617 335 3676 dicetur
359 3617 413 3687 agi
437 3618 481 3672 de
504 3615 769 3686 cogitationibus
792 3628 962 3685 personae
986 3611 1130 3683 agentis.

164 3732 412 3798 praemittenda
434 3736 510 3798 sunt
532 3731 626 3796 haec:

165 3839 281 3906 Oratio
306 3839 439 3924 obliqua
462 3838 624 3924 particula
647 3837 770 3903 causali
794 3834 915 3923 (nam,
939 3836 1057 3921 enim,
1085 3831 1248 3938 quippe)

76 3947 263 4013 adnectitur
293 3945 574 4030 antecedentibus3
605 3944 803 4010 cotidianum
833 3947 896 4029 est,
924 3944 1034 4028 itaque
1062 3964 1165 4028 pauca
1195 3941 1250 4006 ad-

76 4055 221 4119 scribam
243 4052 392 4137 exempla
416 4075 454 4118 ex
479 4051 650 4117 annalibus
675 4056 823 4136 sumpta:

165 4178 266 4226 nam:
290 4159 482 4244 An148‚7
506 4160 641 4240 nospsos
663 4160 755 4222 nortn'
777 4159 915 4222 animant
934 4157 1090 4232 hortatum·
1118 4176 1193 4220 nun
1215 4156 1250 4220 tn

68 4291 147 4352 pace
173 4287 283 4332 musae
306 4272 334 4330 et
355 4267 465 4330 mnan
487 4267 635 4348 speonn-
654 4301 687 4311 —
714 4264 856 4350 1163‚3
877 4287 955 4349 seq.:
982 4264 1106 4346 sanarit
1130 4262 1250 4328 stnto

73 4399 136 4442 non
161 4380 200 4438 nt
215 4374 368 4456 notanus
381 4421 388 4436 .
400 4423 406 4437 .
415 4422 424 4456 ,
446 4373 500 4437 sc'd
520 4393 558 4437 aa
576 4372 725 4436 nenena
736 4373 855 4454 pntons
871 4371 1029 4452 fortunae:
1051 4390 1127 4434 nam
1145 4371 1251 4436 mnttts

73 4481 255 4548 mnenon
276 4480 484 4546 antenna
505 4480 661 4562 qnondam
685 4500 786 4562 repen
807 4479 851 4542 ad
876 4498 908 4542 se
938 4476 1112 4542 nooantcbns
1135 4477 1249 4544 Romar
