3158 5226
574 499 818 564 -113-

108 657 171 721 loci
193 656 256 723 An.
271 656 353 723 XIII
371 658 422 742 19,
438 658 492 722 13:
515 658 873 739 deferens-destinavisse
894 681 962 724 eam
985 659 1161 724 Rabelln'mn
1184 660 1279 726 Plan
1405 744 1408 750 Ι

107 768 180 849 tam,
195 785 257 846 per
274 769 448 830 maternam
466 766 615 848 neminem
631 767 709 848 pari
726 787 763 831 ae
782 767 865 832 Nero
880 767 983 850 arada
1005 789 1026 830 a
1043 767 1112 833 dico
1130 768 1279 853 Amnem,

106 871 148 934 aa
168 891 218 936 res
240 892 337 936 noaac
359 872 498 937 entollere
521 875 555 937 et
569 896 598 958 q.
613 895 638 938 s.
684 871 747 938 Sed
770 873 832 938 hoc
859 872 1007 958 exemplo
1037 873 1121 938 nihil
1150 875 1214 939 nisi
1244 875 1277 939 id

105 977 273 1063 probatur,
295 1001 392 1064 posse
416 979 450 1043 in
474 979 718 1044 enuntiatorum
737 979 1032 1065 comparativorum
1053 979 1278 1046 coniunctione

105 1083 286 1149 membrum
315 1085 489 1150 relativum
517 1086 583 1151 alia
610 1087 659 1150 uti
688 1090 850 1152 structura
878 1088 975 1171 atque
1004 1087 1184 1152 membrum
1211 1089 1277 1173 pri-

103 1190 261 1276 marium3
291 1191 424 1257 Tacitus
459 1193 544 1257 enim
576 1193 715 1258 scribere
745 1193 855 1278 potuit
883 1193 983 1258 etiam
1013 1215 1054 1257 ac
1077 1193 1277 1259 Neronem.

102 1295 227 1381 Agitur
250 1303 359 1364 autem
382 1322 441 1364 uec
459 1300 498 1364 de
518 1298 661 1364 ablativo
682 1300 832 1365 absoluto
857 1320 916 1363 nec
935 1321 973 1363 ea
995 1321 1078 1384 quae
1096 1298 1158 1366 An.
1171 1299 1220 1366 IV
1233 1301 1278 1364 44

102 1407 198 1468 extat
221 1404 348 1470 dicendi
370 1405 476 1471 forma
498 1405 645 1471 adhibita
668 1410 732 1491 est3
763 1406 836 1470 loeo
860 1405 947 1470 enim
965 1404 1046 1470 XIII
1061 1407 1112 1492 19,
1130 1408 1152 1471 4
1178 1407 1278 1472 verba

94 1511 341 1594 pari-Amnem
366 1512 649 1598 appositionaliter
680 1513 721 1577 ad
755 1511 915 1578 enuntiati
942 1511 1089 1597 primarii
1116 1511 1278 1577 obiectum

99 1617 271 1700 pertinent
294 1623 327 1684 et
350 1623 529 1705 sequuntur
552 1620 621 1684 eius
642 1619 778 1685 formam
799 1619 1061 1706 grammaticam,
1083 1619 1140 1684 sed
1163 1623 1277 1684 nostro

8 1809 9 1812 Ἴ
99 1723 179 1789 loco
203 1725 342 1810 scriptor
364 1730 562 1791 structuram
586 1727 747 1792 enuntiati
770 1725 918 1811 primarii
946 1727 1044 1811 plane
1072 1725 1184 1790 omisit
1211 1725 1277 1790 iam

98 1831 179 1915 ipso
215 1831 358 1896 ablativo
402 1833 564 1899 absoluto.
609 1833 706 1898 Patet
743 1836 891 1897 nostrum
928 1833 1035 1898 locum
1073 1832 1169 1897 aliter
1206 1853 1277 1897 esse

98 1937 332 2022 explicandum
369 1943 402 2004 et
438 1939 598 2005 eiusmodi
635 1940 782 2025 exempla
820 1940 890 2004 sola
926 1961 1023 2025 posse
1057 1939 1091 2004 in
1120 1938 1277 2003 auxilium

7 2123 8 2130 ἵ
98 2044 229 2129 vocari,
252 2045 286 2109 in
309 2045 426 2131 quibus
451 2046 614 2111 ablativus
638 2045 807 2110 absolutus
831 2046 960 2131 passive
983 2045 1111 2131 positus
1135 2045 1277 2130 primum

7 2157 8 2216 i
98 2156 153 2216 est
181 2151 361 2217 membrum
386 2151 652 2239 comparationis,
680 2151 713 2216 in
742 2152 827 2237 quod
852 2153 992 2218 alterum
1016 2152 1196 2217 membrum
1227 2173 1275 2216 rc-

6 2295 7 2298 *
97 2259 247 2324 lativum
270 2259 375 2324 active
398 2261 636 2325 conformatum
660 2262 711 2323 est
734 2258 903 2325 insertum.
949 2259 995 2324 At
1017 2259 1143 2323 nullum
1167 2258 1277 2323 inveni

6 2349 7 2412 i
97 2366 212 2431 locum
245 2365 368 2449 pariter
400 2368 646 2432 conformatum.
701 2363 764 2431 Sed
795 2366 937 2431 fortasse
969 2364 1092 2430 sufficit
1124 2365 1277 2450 analogia

6 2519 7 2534 ,
97 2473 168 2538 1οοί
188 2470 337 2558 Pliniani,
361 2495 410 2558 ep.
424 2475 455 2559 3,
470 2475 502 2558 4,
516 2475 552 2539 2:
575 2477 692 2555 accepto
715 2477 750 2537 nt
765 2472 941 2555 praefertas
964 2472 1082 2536 aerarii
1099 2476 1275 2536 commenta.

96 2579 165 2644 Est
186 2580 296 2643 autem
315 2579 523 2646 anacoluthia
542 2579 709 2665 quaedam,
733 2601 797 2663 qua
816 2579 949 2644 Tacitus
969 2579 1123 2644 omittens
1142 2577 1276 2644 solitam

5 2665 6 2678 ἵ
98 2686 233 2752 dicendi
255 2685 394 2751 formam
413 2687 520 2752 Albim
543 2685 730 2750 transcendit
751 2686 871 2769 lonan'ns
889 2688 1044 2768 Inpreesnc
1063 2685 1277 2772 Germaniam,

96 2815 198 2877 qaam
220 2795 384 2876 aamqnam
400 2794 546 2877 priorum
569 2789 718 2880 (fecerat)
742 2797 869 2858 mutata
893 2796 1059 2858 structura
1088 2793 1220 2878 scripsit
1238 2829 1273 2836 -

98 2901 293 2966 transcendit
315 2899 435 2982 nomm
452 2904 615 2981 penetrata
638 2898 821 2984 Germania,
843 2919 938 2982 qnam
956 2901 1119 2982 annonam
1130 2901 1276 2983 primam

98 3003 263 3094 (fecerat).

655 3200 729 3282 §b

194 3326 233 3390 In
246 3325 494 3410 praemittendis
513 3326 578 3390 iam
594 3322 639 3412 (p.
654 3325 696 3391 38
711 3322 790 3412 seq.)
810 3325 844 3389 in
863 3326 1049 3391 universum
1065 3326 1276 3392 disseruimus

99 3436 140 3499 de
165 3431 445 3517 breviloquentiae
469 3432 609 3517 quadam
632 3431 749 3517 forma,
773 3453 838 3516 qua
862 3432 995 3496 verbum
1020 3432 1161 3518 finitum,
1189 3434 1275 3518 quod

99 3542 142 3606 ad
169 3539 301 3624 singula
325 3539 486 3603 enuntiati
509 3538 683 3622 compositi
702 3538 847 3603 membra
869 3539 1026 3624 pertinet,
1056 3538 1091 3603 in
1113 3561 1178 3604 uno
1202 3562 1276 3625 pro-

98 3649 173 3735 prie
189 3645 386 3711 collocatum
404 3645 445 3709 ad
463 3649 570 3710 cetera
588 3645 663 3710 inde
681 3648 857 3731 repetatur.
884 3644 956 3709 Hac
973 3645 1007 3709 in
1027 3667 1061 3710 re
1080 3646 1276 3711 secernenda

100 3758 182 3820 sunt
204 3775 242 3817 ea
265 3751 427 3837 exempla,
455 3774 537 3837 quae
567 3752 703 3817 verbum
733 3745 863 3817 linitum
894 3752 1006 3817 eadem
1036 3752 1276 3837 significatione

100 3885 139 3927 ex
166 3881 232 3925 uno
255 3861 290 3924 in
313 3862 421 3924 cetera
443 3858 603 3923 enuntiati
633 3860 778 3925 membra
807 3859 902 3924 nobis
933 3859 1149 3944 supplendum
1179 3860 1275 3924 relin-

100 3970 218 4054 quunt,
241 3967 283 4032 ab
306 3966 357 4051 iis,
379 3964 413 4029 in
436 3964 553 4049 quibus
577 3967 711 4030 verbum
734 3964 863 4030 finitum
887 3965 952 4030 alia
976 3965 1213 4052 significatione
1236 3988 1275 4031 ex

102 4097 141 4140 eo
182 4093 245 4157 quo
273 4071 416 4157 positum
448 4073 501 4136 est
532 4070 677 4135 membro
710 4071 750 4136 ad
783 4078 891 4136 cetera
923 4071 1132 4137 desideratur.
1188 4072 1274 4137 illud

104 4201 208 4266 genus
231 4177 295 4243 viri
319 4177 405 4242 docti
428 4176 581 4264 figurae
604 4171 678 4242 ἀπὸ
701 4180 859 4259 κοινοῦ,
888 4178 950 4243 hoc
972 4178 1193 4264 zeugmatis
1216 4201 1274 4243 no·

103 4287 192 4352 mine
224 4288 348 4351 vocant.
384 4319 421 4328 -
454 4283 526 4360 Qua
558 4283 684 4348 ratione
716 4283 848 4350 Tacitus
882 4284 959 4349 haec
998 4283 1275 4368 breviloquentiae

103 4415 224 4480 genera
256 4390 440 4456 adhibuerit
472 4389 577 4454 adhuc
609 4389 818 4475 disquisitum
855 4413 920 4455 non
952 4395 1015 4475 est,
1047 4390 1110 4455 nisi
1143 4390 1275 4476 singula

104 4499 265 4585 quaedam
282 4497 471 4583 detraxeris,
486 4518 568 4582 quae
583 4496 794 4562 creditorum
804 4518 938 4562 numero
952 4496 1125 4582 praecipue
1138 4496 1275 4584 Nipper-

158 4621 270 4680 (Jlemm,
288 4622 317 4660 de
329 4620 512 4671 breviloquentia
526 4620 626 4660 'l'acltea
1045 4607 1061 4655 8
