3176 5220
793 451 1013 516 ..46-

315 631 430 678 moruus
495 614 664 694 proficua
683 612 805 678 iuuitis
819 647 861 657 -
877 613 985 677 exurit.
1018 610 1070 676 Ad
1085 611 1247 676 ablativos
1265 611 1342 676 illos
1363 610 1487 674 intelle

317 719 406 802 gitur
429 719 561 783 verbum
594 717 712 802 agendi
743 714 795 802 (ct.
814 719 913 782 etiam
937 715 1126 801 Andreaen,
1155 716 1407 783 Jahresbericht
1436 715 1488 781 des

315 823 428 908 philol.
443 824 580 890 Vereins
599 824 633 889 in
647 824 734 889 Berl.
752 825 834 900 1877
850 846 881 908 p.
897 824 939 889 73
958 828 992 888 et
1010 823 1044 888 in
1063 824 1110 888 ed.
1124 821 1222 908 Nipp.
1237 822 1295 909 lV;
1308 823 1369 890 Tb.
1386 823 1489 908 Opita,

316 928 346 996 J.
360 929 475 996 Jahrb.
493 931 555 995 113
577 954 608 1015 p.
622 931 701 1016 2673
724 929 754 996 J.
769 929 944 1015 Prammer,
967 929 1122 996 Zeitschr.
1141 930 1162 995 f.
1182 935 1294 996 batert.
1313 930 1435 1014 Gymn.
1449 928 1488 994 26

316 1060 347 1121 p.
366 1037 430 1102 919
455 1034 544 1124 seq.).

405 1144 467 1210 An.
484 1144 532 1209 XI
548 1145 600 1230 35,
621 1143 730 1224 12s13:
749 1144 818 1210 cod.
845 1143 966 1210 Eodem
980 1145 1154 1210 coustantio
1171 1122 1204 1209 et¹
1216 1144 1363 1210 inlustres
1377 1145 1490 1227 equites

279 1251 280 1254 ’
316 1250 456 1319 Rououi
473 1252 582 1336 cupido
600 1256 724 1317 mature
741 1253 823 1316 uecta
838 1251 903 1334 suit
918 1247 1000 1337 (eod.
1017 1249 1052 1314 G.
1067 1252 1180 1330 equites
1192 1251 1352 1318 Rououos
1364 1252 1491 1334 cupidos

266 1432 271 1444 Δ
316 1363 457 1423 moturae
474 1359 557 1423 ueris
572 1357 659 1442 fecit)
682 1359 849 1425 etlilium
867 1357 1037 1422 Proculum
1059 1359 1211 1424 custodem
1228 1381 1250 1423 o
1268 1357 1350 1423 Silio
1367 1358 1489 1424 Messa-

317 1465 400 1529 liuoe
413 1466 522 1531 dotum
539 1471 568 1530 et
585 1466 736 1530 iudicium
750 1461 923 1543 offerentem
943 1464 1077 1528 Vettium
1096 1464 1253 1530 Voleutem
1266 1470 1294 1529 et
1306 1465 1491 1548 Pompeium

322 1569 469 1637 Urbicum
482 1593 519 1636 oc
532 1571 695 1652 Saufeium
707 1572 842 1653 Tropuu
855 1591 893 1636 eu
906 1570 1034 1635 eouscils
1048 1571 1133 1635 trooli
1145 1572 1189 1636 orl
1199 1572 1389 1655 supplicium
1403 1571 1490 1636 iubet.

405 1677 533 1743 Priores
561 1677 702 1744 editores
735 1677 1003 1743 commendarunt
1036 1676 1178 1742 Gudiani
1210 1679 1408 1762 scripturam
1441 1674 1490 1763 (ct.

316 1783 480 1870 Walther,
503 1784 607 1870 Bach,
632 1783 785 1870 Ruperti,
814 1783 1023 1868 Doederlein,
1052 1782 1172 1849 Ritteri
1199 1785 1248 1850 ed.
1271 1780 1490 1870 Cantabrig.);

316 1892 395 1956 item
407 1891 486 1956 olim
495 1890 614 1976 Haase,
625 1891 732 1957 deleto
747 1895 784 1955 et
799 1895 874 1956 ante
888 1889 1048 1975 Titium3
1061 1895 1177 1976 postea
1186 1890 1283 1956 iussit
1290 1913 1350 1957 nos
1361 1895 1490 1956 mutare

317 1999 422 2062 eodem
440 1999 614 2064 coustuutiu
690 1999 795 2082 cupidi
812 2002 957 2062 moturae
974 1999 1056 2062 uecls
1072 1999 1207 2078 tueulut.
1229 1997 1349 2064 Titium
1367 2003 1402 2064 el
1422 2020 1452 2082 q.
1466 2017 1490 2060 s.

317 2100 369 2190 (of.
384 2103 492 2169 Halm.
508 2093 616 2170 adnot.
636 2105 705 2170 orit.
722 2127 744 2189 p
767 2100 919 2190 XXVII).
956 2102 1145 2189 Nipperdey
1165 2103 1287 2192 delevit
1304 2105 1407 2171 rerba
1427 2125 1487 2168 cu·

315 2211 528 2297 pido-fuit,
558 2211 636 2296 quia
664 2213 828 2295 glossema
855 2210 1039 2277 redolerent
1069 2210 1214 2275 additum
1249 2210 1289 2276 ad
1320 2233 1373 2296 ea,
1407 2230 1489 2295 quae

316 2319 551 2384 antecederent.
597 2317 658 2384 Sed
683 2318 763 2384 haec
785 2339 883 2384 causa
905 2338 971 2382 non
1001 2319 1052 2381 est
1082 2316 1224 2402 delendi,
1253 2339 1330 2381 nam
1358 2339 1432 2382 oum
1455 2315 1488 2378 in

315 2425 580 2491 antecedentibus
605 2425 788 2510 exemplum
806 2426 953 2508 tantum,
980 2423 1068 2508 quod
1092 2420 1191 2488 Silius
1221 2426 1368 2488 maturae
1399 2421 1488 2488 neeis

316 2531 450 2616 cupidus
474 2533 584 2617 edidit,
607 2555 627 2597 a
650 2530 763 2596 Tacito
787 2529 861 2595 aliis
885 2529 993 2595 verbis
1015 2534 1181 2615 narretur,
1209 2530 1351 2615 propriis
1379 2527 1487 2596 verbis

314 2637 388 2721 ipsa
418 2637 478 2702 illa
509 2638 626 2723 cupido
659 2636 905 2703 commemorari
936 2635 1046 2721 potuit
1077 2637 1111 2701 in
1144 2636 1364 2722 sequentibus.
1410 2632 1488 2723 (Qui
1573 2637 1574 2688 l

314 2741 495 2827 Nipperdei
519 2744 776 2810 emendationem
795 2742 1045 2828 amplectuntur,
1069 2743 1203 2808 verbum
1223 2748 1391 2830 egerunt
1415 2763 1487 2826 sup·

315 2849 405 2932 plere
435 2848 574 2938 debent.)
612 2851 675 2917 Sed
699 2851 838 2916 maxime
858 2849 1085 2914 offendendum
1109 2854 1160 2914 est
1180 2849 1217 2914 in
1239 2871 1277 2914 eo
1301 2850 1397 2936 quod,
1420 2849 1487 2915 sire
1573 2813 1574 2892 l

318 2955 502 3022 Gudianum
526 2957 595 3023 sive
618 2955 853 3042 Nipperdeium
877 2956 945 3022 sive
969 2957 1106 3020 alteram
1128 2956 1221 3021 illam
1239 2955 1354 3021 Haasii
1379 2977 1485 3022 emen·

317 3061 481 3126 dationem
501 3065 659 3149 sequeris,
683 3062 867 3129 constantia
889 3062 948 3127 illa
971 3085 991 3126 a
1008 3062 1122 3127 Tacito
1143 3062 1284 3128 latenter
1307 3063 1402 3147 quasi
1420 3064 1487 3128 lau-

317 3167 394 3232 data
417 3169 583 3234 referenda
606 3174 657 3236 est
687 3169 787 3234 etiam
820 3169 861 3233 ad
884 3168 1074 3254 Proculum,
1096 3168 1287 3254 Valentem,
1311 3167 1487 3250 Saufeium,
1554 3227 1558 3232 .

317 3287 380 3358 quo
405 3296 443 3340 ex
466 3298 600 3341 numero
620 3275 742 3340 Valens
769 3274 839 3360 ille,
869 3275 927 3360 qui
948 3274 1103 3340 indicium
1127 3275 1330 3341 consciorum
1351 3273 1486 3362 perfidia

317 3381 456 3465 quadam
479 3382 612 3468 obtulit,
642 3381 775 3447 minime
798 3381 893 3447 laude
921 3380 1123 3447 constantiae
1147 3403 1166 3445 a
1190 3382 1346 3467 scriptore
1373 3385 1486 3448 nostro

317 3486 435 3572 dignus
463 3489 577 3554 haberi
608 3487 725 3575 potuit.
781 3487 935 3574 Suspicor
970 3488 1070 3553 verba
1106 3487 1226 3553 codicis
1255 3489 1386 3574 gravius
1417 3508 1484 3554 eor·

316 3598 414 3680 rupta
450 3618 489 3660 ea
528 3595 654 3660 ratione
696 3595 877 3660 exhibenda
918 3618 1005 3680 esse,
1042 3597 1080 3658 ut
1126 3598 1203 3679 post
1242 3599 1280 3659 et
1321 3599 1487 3660 statuatur

316 3700 444 3786 lacuna,
478 3701 512 3766 in
547 3724 611 3785 qua
641 3701 775 3766 nomina
809 3701 955 3786 equitum
989 3701 1121 3766 illorum
1157 3701 1344 3767 inlustrium
1380 3707 1413 3766 et
1444 3699 1484 3765 ob

316 3807 532 3872 constantiam
552 3806 758 3872 laudatorum
782 3807 861 3872 olim
885 3807 1006 3891 scripta
1028 3806 1173 3892 fuerunt,
1197 3811 1298 3892 utque
1318 3807 1486 3873 deleantur

173 3930 177 3934 ·
315 3913 415 3978 verba
429 3911 506 3977 fuit
520 3916 575 3998 et,
598 3935 681 3997 quae
705 3918 858 3998 corrupta
875 3935 947 3978 esse
965 3935 1004 3978 ex
1023 3913 1164 3978 Gudiani
1188 3893 1350 3998 scriptura
1372 3915 1484 3980 elucet.

257 4063 260 4070 ·
316 4018 446 4084 Scribas
464 4018 582 4104 igitur:
604 4020 709 4084 eodem
727 4022 903 4085 coustuutiu
920 4025 948 4084 et
960 4069 968 4085 .
979 4072 984 4082 .
997 4069 1022 4105 .,
1046 4020 1191 4085 iulustres
1210 4022 1324 4101 equites
1340 4019 1485 4102 Romani,

316 4127 420 4208 aaut
443 4131 590 4218 maturue-
612 4127 701 4192 uecis.
727 4127 845 4191 Titium
868 4127 901 4190 et
924 4147 954 4209 q.
973 4147 997 4189 ι.
1035 4123 1258 4211 Supplendum
1285 4130 1337 4192 est
1363 4128 1404 4192 ad
1432 4127 1500 4212 ab·¹

315 4231 454 4298 *lativum
479 4233 612 4298 eadem
636 4232 865 4298 constantia
891 4231 1026 4296 verbum
1055 4238 1228 4316 egerunt.
1253 4270 1295 4281 -
1319 4233 1427 4300 Rilter
1452 4234 1484 4296 in

316 4337 365 4403 ed.
380 4337 468 4423 Lips.
483 4337 600 4426 (1864)
624 4340 773 4404 lacunam
789 4338 945 4405 indicavit
968 4344 1044 4422 post
1060 4360 1170 4404 vocem
1185 4338 1346 4404 Romani
1370 4339 1483 4404 delatis

316 4444 424 4511 verbis
448 4445 697 4530 cupido-fuit

1511 4794 1574 5202 l
