3230 5220
811 464 1031 529 ..84-

338 625 410 690 talis
432 625 521 690 mun
542 625 679 706 repertus
702 627 761 700 est;
791 661 832 671 -
860 622 988 710 1V6,1
1010 644 1034 687 s.
1061 641 1229 705 conponere
1257 622 1434 686 crediderim
1458 641 1494 685 re

337 736 591 815 censere-partes,
620 729 729 811 quiem
751 712 851 795 erodis
869 779 876 796 .
897 781 903 794 .
923 779 929 794 .
951 729 1073 795 habitae
1094 730 1170 812 sint,
1198 730 1346 811 quioniam
1371 734 1403 794 et
1421 751 1449 812 q.
1462 751 1496 812 s.;

337 837 429 902 Aul
446 839 499 923 23,
516 838 555 902 16
570 859 594 902 s.
609 837 685 919 quin
698 837 783 918 ipsm
796 837 878 901 inter
890 856 922 902 se
936 833 1064 919 lepioncs
1086 841 1193 900 octaua
1215 841 1244 900 et
1256 837 1367 918 quinta
1380 837 1495 900 deutrum

335 945 455 1024 ferrum
471 943 644 1027 parabant,
667 944 741 1007 dum
763 943 1149 1026 centurionem-Sirpicum
1172 943 1229 1006 illc
1251 944 1345 1006 morti
1371 943 1498 1024 deposci,

336 1051 446 1132 quintu
468 1051 629 1114 decumum
652 1054 791 1134 tuentur,
818 1050 854 1113 ni
876 1049 963 1114 mites
986 1049 1147 1114 Ronmnm
1164 1069 1269 1131 preces
1297 1054 1327 1113 et
1347 1049 1498 1113 adrerum

283 1229 286 1234 ,
336 1158 543 1240 aspernantis-
566 1159 670 1221 minas
714 1156 909 1220 interieeisset
947 1156 1151 1220 enuntiatum
1181 1155 1263 1219 illud
1303 1155 1344 1219 ab
1381 1155 1419 1219 ni
1458 1154 1499 1218 iu-

338 1263 459 1348 cipiens
490 1263 582 1329 nullo
615 1262 711 1327 modo
744 1262 856 1326 deesse
887 1266 1012 1346 potest,
1044 1263 1124 1327 item
1157 1261 1197 1326 H.
1215 1261 1266 1327 III
1289 1262 1345 1347 86,
1368 1261 1416 1326 10.
1461 1260 1500 1324 nt

337 1375 449 1436 nostro
480 1371 551 1435 loco
582 1368 787 1433 enuntiatum
817 1369 1014 1433 ut·euderent
1047 1391 1106 1434 nee
1137 1373 1206 1434 arte
1234 1390 1307 1432 cum
1339 1368 1500 1432 enuntiato

337 1476 494 1561 primario
518 1475 669 1540 cohaeret
691 1495 750 1538 nee
774 1473 905 1538 omnino
929 1477 998 1538 tam
1022 1475 1239 1540 necessarium
1258 1479 1318 1558 est,
1341 1479 1380 1538 ut
1398 1475 1501 1539 deesse

337 1587 487 1666 nequeat.
504 1619 547 1628 -—
566 1581 739 1645 Praeterea
756 1578 888 1644 Miilleri
910 1580 1174 1664 interpretationi
1201 1581 1321 1666 obstet,
1345 1581 1432 1665 quod
1453 1580 1501 1645 vix
1582 1595 1583 1650 l

337 1688 477 1753 feliciter
509 1687 649 1773 propriis
679 1685 787 1750 verbis
818 1686 939 1751 dictum
970 1709 1041 1752 esse
1073 1689 1219 1773 videtur,
1248 1688 1341 1753 nulla
1373 1687 1439 1752 alia
1468 1710 1502 1751 ex

337 1817 435 1860 causa
465 1796 605 1860 viatores
637 1792 841 1858 condiciones
872 1793 1069 1879 Uspensium
1097 1799 1286 1880 aspernatos
1310 1817 1382 1859 esse
1412 1816 1503 1879 quam

337 1905 376 1966 ut
405 1923 460 1966 eos
489 1902 652 1966 necarent.
675 1933 719 1945 -
742 1898 847 1964 Locus
875 1900 945 1965 eine
982 1901 1081 1965 dubio
1114 1904 1286 1985 corruptus
1322 1906 1372 1965 est
1399 1899 1504 1965 raetis-

338 2007 483 2092 simeque
515 2007 581 2071 iam
608 2005 717 2070 Haase
745 2007 963 2091 corruptelam
996 2007 1030 2071 in
1062 2029 1140 2072 voce
1171 2012 1216 2072 ut
1242 2007 1349 2072 inesse
1380 2008 1505 2072 conten-

339 2113 403 2199 dit3
435 2113 566 2198 scripsit
595 2117 648 2178 at:
689 2111 745 2176 sed
777 2112 937 2177 eiusmodi
969 2114 1171 2179 antitheseos
1201 2113 1289 2178 iusta
1317 2135 1417 2177 eausa
1443 2134 1506 2177 non

338 2206 552 2305 intellegitur.
620 2216 808 2304 Nipperdey
854 2217 975 2284 delevit
1019 2223 1061 2284 ut
1098 2225 1132 2284 et
1168 2219 1386 2304 interpunxit:
1431 2219 1508 2300 quad
1583 2297 1584 2300 Ἴ

337 2328 496 2410 aspernati
522 2332 596 2391 sunt
616 2327 749 2409 uictores,
772 2325 1019 2406 quia-arduum:
1042 2326 1112 2391 beiti
1132 2327 1237 2408 patius
1261 2327 1329 2390 iure
1353 2327 1506 2400 caderent

338 2434 395 2499 sed
424 2433 542 2498 melius
570 2432 775 2497 enuntiatum
804 2431 844 2495 ab
876 2432 967 2516 quia
996 2432 1154 2517 incipiens
1181 2437 1218 2497 ut
1244 2456 1281 2497 ex
1308 2433 1507 2517 cogitatione

338 2541 497 2605 victorum
522 2539 644 2604 dictum
672 2538 865 2624 explicatur,
894 2539 1019 2624 itaque,
1047 2560 1120 2603 oum
1148 2539 1283 2604 omissio
1312 2539 1506 2604 coniunctivi

339 2648 462 2729 esset,
498 2648 536 2709 ut
567 2649 653 2709 recte
684 2641 871 2729 Nipperdey
904 2646 945 2709 ad
975 2644 1037 2710 An.
1058 2645 1074 2710 I
1095 2646 1112 2710 i
1136 2670 1167 2731 p.
1188 2646 1243 2731 10,
1268 2646 1288 2710 3
1326 2646 1504 2729 adnotavit,

338 2774 404 2817 non
427 2751 632 2837 admittatur,
655 2751 721 2816 nisi
744 2751 828 2816 alius
852 2751 1077 2817 coniunctivae
1106 2752 1219 2817 eadem
1248 2752 1375 2817 ratione
1402 2774 1508 2838 gram-

339 2858 459 2924 matica
487 2858 614 2943 positus
637 2858 799 2942 sequitur,
822 2858 914 2943 legas
937 2858 1048 2923 velim:
1136 2859 1271 2924 ardumn
1300 2864 1410 2924 esser:
1441 2860 1509 2924 beili

333 2966 439 3046 patim
461 2965 529 3028 iure
550 2965 696 3028 caderent.
829 3021 831 3024 .

428 3069 550 3134 Locum
592 3069 753 3134 enuntiati
795 3071 933 3136 causalia
980 3075 1070 3136 tenet
1115 3071 1279 3137 ablativus
1324 3071 1508 3136 absolutus:

339 3176 381 3241 H.
390 3175 438 3241 IV
452 3175 549 3259 ritu:
581 3175 678 3238 Tutor
704 3178 893 3242 cunctatione
920 3183 1048 3243 crescere
1074 3199 1139 3242 rem
1162 3177 1339 3242 Romanam
1361 3179 1509 3259 adfirma-

339 3283 406 3365 bat,
443 3281 617 3346 coeuntibus
648 3283 783 3363 undique
814 3285 1008 3350 exercitibus:
1052 3289 1253 3350 mensuratam
1289 3305 1304 3349 e
1335 3285 1510 3350 Britannia

340 3390 500 3472 leqioncm,
531 3388 645 3452 cecitas
675 3409 712 3452 ee
743 3389 920 3474 Hispania,
959 3392 1124 3456 aduentare
1153 3412 1191 3456 en
1221 3391 1340 3467 lutia-
1370 3427 1416 3436 -
1451 3391 1509 3456 An.

339 3494 404 3560 ΧΠ
418 3495 449 3580 5,
463 3495 484 3558 3
498 3516 580 3579 seq.:
614 3496 741 3560 necdum
767 3497 916 3562 ceiebrure
944 3499 1105 3564 sollemnia
1137 3499 1320 3580 nuptiarum
1349 3499 1510 3582 armcbmt,

339 3603 425 3668 nertio
448 3601 582 3683 exempla
603 3603 746 3667 deductae
767 3604 802 3668 in
831 3605 956 3668 domum
972 3606 1084 3687 patrui
1111 3605 1224 3686 fratris
1253 3605 1354 3686 filiae:
1383 3607 1463 3686 quein
1485 3609 1512 3668 et

339 3709 487 3772 incestam
505 3703 605 3793 (esse)
627 3729 678 3793 uc,
700 3711 729 3773 si
750 3717 956 3795 sperneretur,
979 3731 1017 3775 ne
1039 3712 1074 3774 in
1095 3711 1214 3776 molum
1230 3711 1389 3794 publicum
1412 3730 1510 3776 erum-

334 3819 422 3898 peret
442 3813 637 3878 metuebatur.
656 3851 700 3860 —
724 3814 935 3902 Participium
963 3817 1246 3902 appositionaliter
1270 3817 1414 3903 positum
1441 3817 1510 3883 vice

341 3919 501 3985 enuntiati
532 3920 671 3984 causalis
700 3921 862 4007 fungitur:
892 3924 953 3988 An.
967 3923 984 3987 I
999 3924 1051 4009 79,
1066 3925 1085 3989 8
1101 3946 1181 4009 aeq.:
1209 3945 1263 3988 nec
1284 3924 1414 3988 Reatini
1442 3924 1509 3988 eile-
1537 3911 1547 3922 ’

340 4026 426 4110 bant,
464 4021 606 4090 Velinum
638 4027 878 4092 lacum-obstrui
906 4035 1092 4115 reuerentes,
1128 4032 1238 4114 quirpe
1268 4035 1303 4095 in
1334 4031 1510 4096 adiacentia

339 4137 534 4215 erupturum:
557 4137 676 4214 opmuec
699 4135 788 4199 rebus
811 4136 989 4200 mortalium
1003 4137 1190 4202 concreuisse
1208 4143 1357 4202 naberam
1375 4140 1410 4201 et
1424 4160 1455 4222 q.
1470 4159 1509 4219 s.;

341 4238 465 4303 accedit
495 4237 602 4303 forma
633 4239 903 4324 interrogationis
935 4242 1127 4308 rhetoricae:
1157 4243 1219 4309 An.
1231 4242 1311 4309 XVI
1333 4244 1390 4329 29,
1409 4244 1444 4308 5:
1483 4247 1510 4305 et

341 4349 430 4408 eram
458 4347 513 4428 qui
543 4345 724 4410 Heluidium
755 4367 871 4429 quoqrte
900 4349 1134 4434 miserarentur,
1163 4351 1310 4414 innoxiae
1336 4351 1510 4433 adfinitatis

333 4471 452 4534 poenas
480 4453 646 4516 daturum:
675 4454 751 4535 quid
779 4453 953 4536 Aprrppino
987 4455 1133 4520 obierum
1168 4456 1233 4520 nesi
1262 4457 1379 4522 tristem
1404 4456 1510 4539 namu
