3152 5222
586 419 804 482 -23-

31 637 33 672 3
130 602 153 662 p.
173 577 238 642 569.
283 578 372 642 Haec
402 577 567 642 sufficiunt
597 579 635 643 de
664 578 725 642 hac
755 577 908 662 ellipseos
938 577 1058 662 specie,
1094 598 1176 660 quae
1213 597 1278 638 non

31 673 32 688 ¹
128 683 179 748 uisi
194 689 324 770 propter
345 684 517 750 historiam
540 685 609 750 eius
627 685 759 751 termini
777 683 905 769 plenius
925 682 1127 750 scribendam
1146 705 1166 746 a
1183 681 1278 745 nobis

31 821 32 830 ν
127 789 230 876 attingi
258 790 378 856 debuit.
432 790 537 857 Multo
567 791 672 856 maior
702 796 752 856 est
780 790 876 856 nobis
911 813 987 856 cura
1021 795 1118 874 atque
1148 787 1277 854 nbilitas

31 933 32 984 ,
126 895 152 960 iu
174 893 352 982 indaganda
378 897 483 964 altera
513 898 572 963 illa
597 897 989 982 rhetorico-syntacsia,
1021 901 1057 960 ut
1089 895 1136 960 ita
1164 895 1278 979 dicam,

31 1055 32 1092 ,
126 1002 259 1087 ellipseos
281 1003 395 1069 forma.

31 1247 33 1272 ³
123 1234 241 1299 quaeest
257 1249 336 1304 vera,
355 1233 475 1287 alteram
493 1235 630 1302 nostram,
650 1250 721 1302 quae
740 1235 784 1288 est
801 1232 875 1287 falsa
898 1229 1065 1288 elocutionis
1084 1232 1182 1300 figura.
1219 1230 1274 1293 Sed

31 1323 32 1364 ἐ
121 1322 217 1388 partem
233 1323 342 1376 tautum
359 1321 443 1376 huius
463 1321 633 1378 definitionis
658 1320 847 1389 exhibuimus,
872 1321 981 1390 reliqua
1004 1319 1063 1374 eius
1087 1319 1173 1375 verba
1188 1320 1274 1374 sunt:

31 1423 32 1434 ¹
122 1406 229 1476 ἔλλειψις
239 1405 335 1478 λόγον·
351 1405 484 1478 ,,κό’πειτ’
495 1406 553 1465 ἀπὸ
565 1409 671 1482 rudiori
684 1407 751 1474 τούς
762 1407 851 1472 θεοὺς
862 1405 1053 1479 ὑπερφρονεῖς
1057 1451 1065 1476 ,
1080 1404 1137 1463 dtt’
1149 1402 1201 1462 oris
1216 1403 1273 1462 dat

120 1496 161 1564 τῆς
169 1498 227 1566 γῆς,
242 1500 340 1568 εἴπερ“
360 1499 406 1568 (cf.
419 1497 562 1570 Aristopb.
573 1499 639 1555 nub.
649 1505 701 1554 226
712 1517 732 1555 s.
743 1498 827 1555 Dind.
837 1501 913 1570 po'e't.
925 1515 1017 1553 scaen.
1029 1499 1093 1567 gr.)'·
1115 1492 1273 1551 ἐλλείπειτὸ

119 1581 269 1656 ,,ἒβού1οο“
287 1581 305 1656 ἢ
326 1587 377 1654 „sl
392 1579 429 1656 ἦν
450 1584 574 1642 dococto
590 1584 746 1658 ἄνθρωπον
765 1584 834 1643 ὄντα
853 1588 1010 1657 διαγνῶναι
1029 1582 1063 1640 τὰ
1082 1589 1183 1641 θεῐα“.
1208 1580 1273 1639 ''Et-

118 1677 198 1742 λειρις
214 1669 360 1745 ὀνομάτων
379 1674 580 1747 ῥημάτων-καὶ
598 1676 781 1747 προθέσεων·
805 1673 898 1731 πάντα
917 1673 970 1746 γὰρ
985 1671 1069 1745 λόγον
1090 1670 1119 1740 ἐξ
1134 1670 1274 1744 ὀνόματος

118 1760 286 1834 celtiberos
305 1760 418 1835 ἀνάγκη
443 1767 639 1834 συνίστασθαι,
658 1762 727 1821 ἀλλὰ
747 1763 776 1820 οἷ
791 1761 904 1821 Ἀττικοὶ
923 1767 1074 1834 συντομίας
1089 1759 1170 1832 χάριν
1181 1758 1270 1817 ἐνίοτε

116 1847 227 1926 θάτερον
245 1851 353 1908 τούτων
371 1859 504 1909 νοεῖσθαι
523 1851 662 1925 διδόασιν,
682 1851 729 1910 ἐπὶ
748 1850 895 1926 ὀνόματος,
916 1853 976 1909 οἷον
996 1896 1011 1922 „
1019 1849 1149 1908 ἐνταῦθα
1168 1855 1271 1906 πωλεῖν

116 1959 140 1993 τε
156 1937 204 2010 χρὴ
221 1943 270 1997 καὶ
288 1938 450 1998 ὥνεῐσθαι“
469 1943 517 2012 (cf.
529 1942 693 1998 Philostrat.
707 1943 812 2000 heroic.
826 1963 853 2014 p.
869 1947 939 2012 ecl),
959 1944 1048 1997 λείπει
1066 1937 1098 1996 τὸ
1120 1935 1204 2010 „ruod
1224 1935 1271 1994 dv-

115 2031 241 2098 θροπον“
260 2027 400 2101 δηλονότι.

190 2118 350 2174 Verisimile
370 2122 427 2189 est,
446 2120 521 2190 quod
540 2119 596 2174 iam
609 2119 810 2175 Boissonadius
833 2119 991 2191 suspicatus
1011 2122 1066 2188 est,
1085 2121 1174 2174 totam
1198 2119 1271 2173 hauc

31 2227 32 2232 ¹
114 2205 292 2264 definitionem
310 2225 372 2263 osso
386 2207 573 2276 subditiciem,
593 2207 808 2279 primumquod
828 2208 1017 2279 etymologica
1035 2208 1086 2264 illa
1096 2207 1205 2280 ellipsis
1224 2208 1270 2263 vol

31 2323 32 2348 r
113 2297 296 2363 grammatices
315 2295 589 2368 orthographiaeque
603 2296 719 2368 propria
728 2297 841 2353 omniuo
856 2314 912 2352 non
927 2301 971 2353 est
983 2300 1074 2367 figura
1088 2295 1269 2363 elocutionis3

113 2383 200 2441 deiude
220 2387 296 2456 quod
320 2385 424 2440 nullius
449 2385 521 2440 alius
544 2386 794 2456 figurse‘Zonaeus
817 2385 966 2458 proposuit
988 2389 1047 2441 tam
1071 2385 1198 2441 diversas
1222 2386 1268 2441 de·

112 2472 253 2542 linitionem
277 2477 429 2546 postremo,
449 2475 524 2544 quod
543 2473 668 2531 Zonaeus
688 2475 878 2530 Alexandrum
901 2474 1054 2545 diligenter
1077 2477 1189 2529 secutus
1208 2473 1268 2529 eius

112 2560 388 2635 circumscriptionem
407 2563 540 2634 ellipseos
558 2563 655 2635 paullo
674 2567 739 2620 aute
760 2564 818 2619 iam
835 2564 950 2636 recepit.
988 2564 1069 2618 Unde
1088 2566 1182 2619 autem
1201 2565 1268 2618 hau-

31 2671 32 2696 r
112 2651 168 2706 serit
184 2670 246 2708 eam
264 2652 312 2708 vix
331 2652 424 2708 dicere
443 2669 603 2724 possumus;
627 2652 677 2708 sed
695 2652 849 2708 verisimile
872 2653 985 2708 videtur
1003 2670 1065 2708 eam
1088 2670 1106 2707 a
1129 2670 1266 2723 gramma·
1358 2685 1373 2730 :²

110 2737 156 2794 tice
173 2743 308 2810 quodam,
327 2759 385 2796 non
403 2759 420 2796 a
438 2743 550 2796 rhetore
570 2759 630 2796 esse
649 2741 812 2812 repetitam
831 2759 897 2797 uam
916 2745 945 2797 et
963 2742 1040 2813 prior
1053 2741 1106 2796 illa
1119 2757 1192 2812 pars,
1213 2759 1268 2811 qus

109 2829 268 2896 syllabarum
281 2831 330 2886 vel
342 2830 501 2908 litterarum
515 2830 655 2886 detractio
670 2833 821 2900 tractatur,
838 2834 867 2887 et
881 2831 972 2886 altera
985 2829 1050 2900 illa,
1069 2835 1268 2903 quaespectat

109 2917 139 2970 ad
156 2918 327 2990 singularum
344 2919 566 2991 compluriumve
581 2937 682 2975 vocum
697 2921 847 2988 defectum,
866 2937 917 2974 nos
929 2920 1042 2989 relegat
1054 2920 1090 2974 ed
1103 2922 1265 2994 grammati-

108 3021 193 3062 corum
210 3007 369 3064 doctrinam
383 3013 543 3064 versantem
560 3009 651 3077 magis
665 3009 695 3064 iu
709 3009 834 3080 ipsorum
848 3009 997 3064 verborum
1012 3026 1083 3078 quae
1099 3009 1267 3066 omittuntur

31 3121 32 3164 y
107 3097 195 3150 natura
213 3095 382 3167 explicanda
400 3115 485 3167 quam
503 3097 533 3152 iu
552 3097 592 3153 eis
611 3097 817 3168 describendis,
838 3115 908 3168 quae
928 3097 1079 3153 omissione
1098 3097 1265 3169 efficiuntur,

107 3185 173 3251 quod
189 3185 242 3240 fuit
259 3185 412 3242 rhetorum.
450 3187 529 3252 Quod
548 3185 686 3242 iudicium
704 3187 741 3242 ad
764 3185 915 3242 veritatem
937 3203 1024 3258 prope
1048 3188 1183 3243 accedere
1201 3207 1264 3259 pro-

106 3271 179 3328 batur
195 3273 333 3346 imprimis
353 3275 459 3344 verbis,
480 3293 551 3345 quae
570 3275 690 3346 legimus
709 3277 727 3330 l.
743 3277 775 3331 l.:
794 3272 956 3346 πάνταγὰρ
975 3272 1059 3346 λόγον
1079 3272 1108 3342 ἐξ
1124 3272 1265 3348 ὀνόματος

106 3364 147 3418 sal
173 3360 295 3435 ῥήματος
322 3359 433 3435 ἀνάγκη
462 3369 660 3432 σονίστασθαις
688 3382 801 3436 prorsus
829 3363 904 3432 enim
931 3365 1061 3420 redolent
1087 3365 1264 3434 grammatici

105 3451 215 3514 cuiusvis
239 3452 410 3522 doctrinam,
433 3454 553 3508 fortasse
571 3453 736 3522 Atticistae,
761 3453 828 3523 quia
849 3470 980 3524 expresse
998 3452 1158 3508 Atticorum
1181 3454 1263 3510 omit-

104 3540 174 3594 tendi
190 3559 256 3598 usus
275 3545 516 3598 commemoratur.
553 3544 592 3598 At
610 3543 686 3599 enim
709 3543 919 3600 concedendum
938 3545 981 3597 est
1003 3540 1089 3596 etiam
1107 3559 1126 3596 a
1143 3542 1261 3598 rhetori-

31 3689 32 3694 ,
104 3627 156 3697 bus,
174 3629 221 3700 qui
239 3631 274 3686 de
293 3630 383 3702 tropis
402 3632 594 3701 grammaticis
613 3632 792 3703 scripserunt,
812 3630 1034 3702 etymologicam
1049 3629 1181 3702 ellipseos
1200 3651 1262 3705 spe-

104 3717 167 3774 ciem
192 3737 253 3774 esse
280 3722 424 3790 receptam
448 3719 494 3790 (cl.
514 3721 628 3791 Trypho
648 3738 693 3792 ap.
707 3721 796 3776 Walz.
811 3740 839 3791 p.
860 3727 925 3788 145,
946 3720 1075 3790 Spengel.
1090 3721 1130 3775 III
1147 3741 1174 3792 p.
1191 3728 1260 3792 198).
1307 3721 1313 3730 ’

104 3806 173 3872 Quod
197 3825 233 3864 ne
256 3807 341 3863 nimis
364 3809 466 3864 mirum
484 3809 626 3878 videatur,
656 3809 823 3876 Quintiliani
841 3811 928 3864 verba
946 3809 1135 3880 adponentur,
1160 3813 1261 3881 quibus

102 3895 224 3952 docemur
241 3900 339 3968 tropos
358 3914 412 3953 esse
430 3900 500 3954 alios
518 3900 550 3952 ia
563 3901 652 3954 verbis
665 3899 790 3968 propriis
808 3899 878 3954 alios
891 3899 924 3954 tc
938 3899 1090 3968 translatis,
1108 3902 1261 3970 certique

100 3986 215 4050 formas
242 4004 310 4044 noa
340 3989 513 4043 certorum
540 3989 618 4042 crode
650 3989 696 4043 scd
723 3994 748 4044 ct
774 4003 903 4044 sensuam
930 3993 955 4042 et
983 3989 1184 4057 compositast
1212 3989 1258 4059 (cf.

102 4070 185 4136 Quint.
195 4076 261 4130 VIH
271 4083 295 4144 6,
315 4079 351 4145 2).
388 4076 538 4130 Praeterea
557 4075 742 4145 syntecticam
760 4074 839 4130 illem
857 4073 1098 4146 praepositionum
1115 4075 1259 4133 nominum

101 4163 237 4219 verborum
258 4163 373 4235 ellipsin
389 4163 479 4235 tropis
499 4148 559 4220 esse
578 4165 790 4219 adnumeratam
803 4165 939 4235 probatur
952 4163 1170 4234 definitionibus,
1190 4184 1259 4235 quas

100 4251 212 4322 amplexi
235 4255 301 4307 sunt
324 4269 478 4322 anonymus
502 4253 617 4322 quidam
639 4270 684 4324 ap.
703 4254 791 4309 Walu.
804 4253 870 4307 VIII
884 4272 911 4324 p.
929 4259 1082 4320 721-722,
1106 4253 1258 4325 Gregorius

100 4337 262 4410 Corinthius,
281 4341 320 4397 ib.
334 4361 362 4412 p.
374 4347 438 4410 112,
457 4341 594 4413 Georgius
613 4341 824 4398 Choeroboscus
841 4342 880 4397 ib.
894 4360 922 4412 p.
939 4348 992 4398 813
1011 4341 1056 4412 (cf.
1072 4340 1205 4414 Spengel.
1219 4345 1259 4400 III

99 4444 122 4495 p.
135 4435 196 4500 211,
216 4437 280 4500 221,
300 4433 372 4502 262).
410 4430 516 4496 Quibus
540 4433 671 4487 accurate
689 4431 763 4488 inter
781 4449 811 4491 se
831 4429 1012 4506 comparatis:
