3152 5222
559 551 602 560 -
650 513 690 578 19
737 547 779 559 .„

19 639 21 692 l
103 673 269 756 aposiopesis
292 679 337 738 est
357 674 458 752 dictio,
480 695 550 738 oum
572 674 645 754 (iuis
667 675 815 758 reticetur,
838 679 873 738 ut
889 679 950 737 aut
964 677 1114 738 terreatur
1132 675 1256 740 auditor

19 713 21 858 i
102 785 148 844 out
166 783 207 846 od
226 782 411 846 desiderium
429 781 612 845 iuterrdatur
627 781 754 845 auditas
771 785 807 843 ut
822 800 921 864 „auos
938 778 1014 863 opo“
1036 785 1069 846 et
1088 804 1117 865 q.
1137 803 1161 848 s.
1194 781 1255 846 His

102 886 194 952 verbis
216 887 334 953 vitium
357 887 441 952 illud
464 886 658 970 admittitur,
681 887 766 971 quod
791 883 1012 961 Quintilianus
1026 887 1047 952 l.
1062 888 1082 954 l.
1101 889 1256 954 acerrime

102 992 272 1080 vituperat.)
295 1030 340 1041 —
357 995 487 1074 frustra.
519 993 607 1058 Nom
620 994 679 1059 iiio
693 993 770 1071 quiid
782 997 880 1057 iaceat
892 993 1042 1058 incertum
1055 999 1100 1060 esi
1112 1001 1170 1060 out
1181 1001 1258 1060 oeric

103 1099 221 1182 loupiore
247 1121 385 1166 sermone
407 1101 634 1184 replicandum,
657 1099 706 1164 hio
728 1121 826 1164 aurora
854 1100 977 1164 oerlurru
1003 1106 1032 1166 et
1056 1102 1257 1181 manifestum

19 1177 21 1306 l
103 1207 209 1286 quidem
230 1207 437 1300 deudaatum
475 1225 553 1287 quae
579 1207 608 1271 si
630 1207 815 1290 aposiopesis
837 1211 891 1291 est,
922 1207 1003 1272 uitii
1029 1228 1104 1293 nou,
1136 1210 1172 1273 iu
1198 1231 1257 1291 quo

19 1309 21 1356 t
102 1313 169 1376 icosi
184 1313 314 1399 aliqud,
336 1316 417 1379 idem
436 1313 647 1397 appellabitur.
685 1313 750 1377 Nec
761 1333 812 1395 epo
829 1313 911 1378 iliud
927 1314 1048 1395 quidem
1067 1315 1257 1399 aposiopesin

19 1373 21 1462 l
103 1438 306 1505 scopavero,
329 1421 364 1484 iu
387 1441 446 1503 quo
469 1441 517 1486 res
544 1436 740 1503 mamaeae
765 1419 952 1501 relinquitur
978 1421 1194 1507 iutellcpcuda,
1223 1429 1259 1487 ut

19 1581 21 1632 ,
103 1545 182 1606 aequo
202 1528 236 1591 iu
254 1527 394 1611 epistulis
418 1505 666 1622 Cicero.·,„,dota
688 1526 923 1610 Lupercalibus,
946 1547 1005 1607 quo
1027 1528 1077 1592 dic
1098 1528 1259 1595 Artorius

106 1631 259 1710 Caesari“;
282 1655 346 1698 uou
369 1635 451 1698 euim
473 1635 599 1699 obticuit
620 1639 677 1698 out
699 1634 785 1718 lusit,
809 1634 885 1715 quia
911 1632 992 1697 uitii
1019 1633 1068 1698 la'c
1094 1635 1185 1701 atiud
1209 1638 1257 1702 iu·

19 1738 20 1753 ¹
106 1739 188 1822 aaa
203 1745 347 1825 poterat,
360 1761 455 1822 quoru
476 1740 531 1805 too
552 1740 723 1825 „diademo
745 1741 892 1823 imposuit
900 1736 925 1802 “.

181 1846 468 1932 Aposiopeseos
492 1846 617 1932 igitur
638 1845 676 1910 id
704 1849 766 1911 est
793 1844 1007 1930 proprium,
1035 1851 1078 1912 ut
1108 1849 1257 1914 oratio·

106 1973 176 2017 nem
197 1953 252 2018 iia
274 1953 553 2038 interrumpat,
574 1957 620 2017 ut
642 1953 770 2017 tacita
794 1955 859 2016 aut
881 1953 995 2036 plane
1017 1952 1171 2019 incerta
1194 1960 1259 2020 aut

19 2077 20 2128 g
107 2063 199 2124 certe
216 2060 394 2144 longiore
414 2081 589 2125 sermone
608 2058 842 2144 explicanda
860 2057 940 2123 sint
959 2056 993 2146 (i.
1009 2081 1034 2125 e.
1051 2061 1127 2145 quio
1143 2063 1258 2128 ceteris

110 2165 199 2230 verbis
216 2167 334 2252 positis
352 2188 418 2231 non
438 2165 518 2230 satis
541 2162 755 2251 indicantur);
777 2164 842 2228 ubi
866 2168 995 2231 autem
1018 2166 1175 2233 verbum
1198 2171 1259 2234 vel

108 2271 211 2337 rerba
233 2273 439 2338 subtracta
461 2272 583 2357 primo
615 2271 725 2357 quasi
754 2273 913 2355 aspectu
942 2295 985 2337 ex
1012 2277 1100 2338 tota
1131 2297 1259 2340 rerum

19 2447 20 2452 .
104 2378 373 2464 verborumque
396 2401 495 2444 nexu
517 2379 896 2464 subintelleguntur,
920 2379 1012 2464 quia
1028 2379 1131 2445 nihil
1151 2380 1259 2446 aliud

19 2532 20 2559 ,
104 2483 276 2572 intellegi
296 2489 446 2572 potest,
463 2507 538 2551 non
557 2488 616 2551 est
631 2485 891 2571 aposiopesis,
910 2485 975 2550 sed
994 2486 1259 2570 synecdoches

19 2581 20 2640 Ῑ
105 2592 281 2674 quoddam
305 2614 440 2680 genus,
464 2615 510 2658 sc.
534 2592 700 2677 ellipsis.

19 2783 20 2790 ἵ
183 2698 243 2766 Sed
265 2700 346 2766 haec
370 2699 500 2785 quidem
518 2700 684 2765 hactenus.
726 2697 876 2763 Breviter
898 2703 1044 2765 veterum
1064 2699 1260 2766 definitioni·

19 2797 20 2856 ἶ
72 2867 76 2880 ,
103 2803 157 2868 bus
178 2807 373 2891 computatis
397 2807 459 2871 duo
484 2807 710 2891 aposiopeseos
735 2826 855 2891 genera
878 2805 1078 2892 distinguere
1101 2806 1190 2872 licet:

185 2914 211 2978 l.
230 2913 482 2998 aposiopesin
500 2913 789 2998 paralipticom:
809 2911 871 2976 etsi
886 2912 1046 2996 expressis
1062 2913 1168 2978 verbis
1183 2914 1260 2980 dioi-

102 3021 152 3082 tur
172 3019 293 3104 aliquid
316 3021 430 3105 taceri,
460 3024 570 3085 tamen
592 3041 658 3085 non
688 3020 784 3103 plane
813 3021 956 3103 tacetur,
989 3019 1044 3083 sed
1075 3024 1133 3084 aut
1163 3043 1260 3106 quam

102 3125 283 3192 brevissime
307 3126 447 3212 propriis
471 3126 580 3191 verbis
604 3125 814 3190 adumbratur
837 3121 891 3210 (cf.
906 3122 1054 3190 Oornific.
1068 3125 1115 3191 IV
1130 3126 1187 3212 30,
1205 3129 1262 3215 413

101 3231 267 3298 Phoebum.
292 3227 627 3320 [ὑποσιώπησις]),-
642 3232 766 3298 accedit
782 3231 863 3296 haec
881 3231 1027 3316 proxime
1046 3232 1086 3296 cd
1106 3235 1261 3317 praeteri·

101 3338 229 3424 tionem,
252 3339 329 3424 quia
346 3361 406 3404 nec
425 3340 528 3405 oratio
547 3339 644 3425 plane
666 3337 864 3424 praeciditur
886 3359 946 3402 nec
964 3339 1144 3404 sententiae
1163 3339 1261 3405 inter-

100 3449 288 3532 rumpuntur
315 3483 359 3494 —
390 3450 447 3511 aut
475 3446 590 3512 ceteris
618 3445 725 3510 verbis
753 3449 821 3510 tam
849 3443 989 3508 dilucide
1021 3443 1198 3529 indicatur,
1225 3451 1263 3510 ut

101 3553 136 3616 de
163 3575 197 3619 re
226 3551 406 3637 supplenda
434 3553 567 3617 minime
595 3551 739 3618 dubitari
766 3551 871 3636 possit
901 3587 942 3596 —
974 3550 1097 3615 accedit
1119 3551 1200 3616 haec
1222 3553 1263 3617 ad

101 3658 316 3744 synecdochen
327 3695 368 3708 -
380 3657 434 3745 (cf.
452 3659 597 3724 Rutilius
618 3653 911 3741 [παρασιώπησις],
927 3655 1018 3721 Alex.
1036 3654 1185 3742 Numen,
1203 3656 1262 3722 Zo-

99 3787 211 3852 naeus,
243 3788 393 3850 anonym.
413 3788 463 3850 ap.
482 3765 586 3852 Walz.
609 3789 640 3850 p.
661 3765 741 3849 702,
767 3763 930 3847 Tiberius,
966 3761 1188 3849 Hermogenes
1217 3766 1263 3847 [in

99 3873 201 3956 priore
230 3871 430 3938 definitionis
458 3874 579 3956 parte],
603 3893 697 3938 anon.
717 3893 767 3955 ap.
786 3867 896 3934 Halm.
914 3893 944 3954 p.
965 3869 1020 3954 74,
1047 3868 1194 3956 Trypho,
1221 3870 1264 3936 M.

98 3976 220 4044 Plotius
245 3973 522 4064 [duoaooirrryo‘ogD.

183 4086 212 4151 2.
231 4085 428 4169 propriam
447 4088 562 4169 atque
577 4083 796 4148 absolutam
815 4081 1078 4167 aposiopesin,
1094 4104 1175 4166 quae
1189 4082 1264 4147 niti·

19 4229 20 4234 *
98 4197 149 4257 tur
166 4191 314 4277 emphasi
332 4195 365 4256 et
380 4213 417 4257 eo
431 4191 591 4276 procedit,
610 4193 648 4255 at
666 4213 748 4275 quae
767 4192 916 4255 tacentur
933 4210 992 4254 nec
1006 4187 1188 4253 indicentur
1205 4211 1265 4254 nec

19 4339 21 4384 y
97 4299 191 4365 facile
222 4298 435 4385 suppleantur
466 4296 520 4386 (cf.
539 4297 774 4382 Quintilianus,
806 4296 1049 4361 Phoebammon
1081 4296 1145 4380 [ap.
1162 4294 1265 4361 Wala.

19 4387 20 4478 l
96 4430 125 4491 p.
147 4407 242 4491 505J,
271 4405 491 4490 Herodianus,
520 4403 757 4489 Hermogenes,
786 4402 844 4468 uhi
875 4403 913 4466 de
943 4399 1128 4486 aposiopcsi
1157 4405 1265 4490 τελείᾳ

96 4513 194 4579 rerba
215 4509 318 4600 facit).
1013 4551 1051 4647 ἐ*
