3158 5226
572 433 814 498 ..109-

101 600 213 679 pmtrs,
243 615 380 676 patarum
403 599 516 658 terrore
535 593 654 674 fractae
669 595 781 678 populi
803 595 941 660 Romani
968 596 1048 661 uiues
1071 602 1277 679 optermmtur

102 707 132 767 et
146 725 179 787 q.
193 725 233 787 s.;
256 701 354 765 Tutor
371 701 561 765 cunctatione
583 721 710 765 mescem
731 721 795 766 rem
809 701 988 767 Romanam
1012 705 1200 788 adfirmabat
1222 701 1276 791 (ef.

101 811 207 873 locum
226 810 324 894 plene
344 807 582 872 conformatum
594 806 737 893 talne,
753 807 1276 897 7-10etH.1V62‚4-9);--

9 939 10 966 1
99 916 138 980 H.
150 915 192 981 V.
210 917 262 1001 16,
278 915 298 979 5
316 936 396 998 seq.:
418 913 586 978 ecloum
609 915 720 978 ducum
742 936 805 980 nou
827 936 911 980 more
933 917 1082 982 coutlmis
1104 920 1189 1000 apud
1205 921 1275 984 uni-

97 1043 207 1106 uersos,
225 1024 281 1088 sed
297 1027 334 1086 nt
349 1041 480 1104 quosque
497 1041 624 1086 suarum
642 1021 880 1087 advehebantur:
900 1021 1030 1088 Cerialis
1045 1021 1276 1112 (memorabat)

97 1135 226 1194 ueterem
249 1129 389 1194 Romani
416 1129 553 1192 nominis
571 1128 722 1210 pluriam,
749 1130 895 1211 antiquas
921 1136 1108 1213 recentesque
1133 1133 1278 1198 uiderim

98 1241 128 1300 et
142 1260 174 1322 q.
190 1259 218 1302 s.
232 1233 288 1324 (cf.
302 1258 371 1320 cap.
387 1235 437 1319 17,
453 1236 486 1298 1:
508 1255 562 1300 neo
584 1231 693 1299 Ciuilis
715 1235 809 1300 silens
832 1240 865 1300 et
879 1259 909 1320 q.
925 1233 973 1323 a).

188 1342 319 1420 Quibus
342 1341 423 1406 locis
452 1341 648 1426 comparatis
675 1364 772 1407 nemo
803 1343 980 1428 dubitabit,
1011 1345 1089 1428 quin
1119 1344 1182 1409 huo
1209 1348 1275 1410 tra-

96 1451 227 1515 hendus
253 1450 298 1514 sit
320 1449 411 1514 loeus
425 1447 467 1514 H.
481 1446 511 1511 V
526 1449 556 1532 2,
570 1448 591 1512 5
606 1469 688 1533 seq.:
720 1454 933 1532 arpumentnm
956 1471 971 1514 e
993 1453 1116 1515 nomine
1142 1453 1276 1534 petitur:

95 1559 252 1622 inclutum
280 1557 314 1619 in
338 1552 584 1620 (treta-montem
615 1550 773 1641 (dieunt),
801 1557 1106 1623 accolas..Iudaeos
1132 1560 1275 1635 nontam

94 1666 229 1746 quidam
245 1667 395 1745 rmnante
418 1661 503 1726 Iside
520 1662 726 1726 emundantem
739 1683 798 1744 per
816 1664 989 1746 Aeppptum
1008 1665 1275 1731 multitudinem..

88 1772 263 1853 ponimus
280 1770 315 1833 in
330 1774 433 1833 temon
452 1773 664 1844 cameratam:
675 1769 816 1851 plerique
829 1769 1015 1854 Aethiopum
1022 1773 1151 1855 prolem
1169 1793 1244 1854 qnos
1254 1822 1276 1838 ..

93 1883 196 1942 metus
220 1881 312 1957 atque
333 1877 439 1940 odium
460 1879 582 1939 mutare
603 1875 685 1940 sedes
700 1876 879 1958 perpulerit.
925 1875 1023 1941 Haud
1046 1899 1119 1942 raro
1143 1877 1275 1943 Tacitus

93 1986 126 2050 in
162 1982 349 2049 enuntiatis
389 1979 620 2066 comparativis
650 2003 670 2046 a
702 1981 852 2047 formulis
895 2006 966 2049 nee
1000 1984 1107 2048 aliud
1144 2007 1276 2070 quam,

94 2091 189 2176 quid
234 2089 342 2154 aliud
382 2110 514 2173 quam,
554 2110 676 2173 neque
725 2089 833 2153 aliud
877 2090 978 2174 nisi,
1030 2089 1121 2173 quid
1168 2091 1275 2156 aliud

92 2199 191 2283 nisi,
237 2218 306 2262 nec
345 2195 511 2279 amplius
554 2218 667 2280 quam
710 2196 844 2262 verbum
876 2197 1021 2282 generali
1053 2218 1151 2262 sensu
1183 2220 1274 2282 prae-

93 2306 205 2370 ditum
229 2302 364 2387 reliquit
385 2302 480 2366 nobis
504 2302 719 2387 supplendum
744 2325 782 2368 ex
802 2304 947 2368 membro
966 2303 1104 2369 relativo
1122 2304 1158 2367 in
1176 2326 1275 2368 mem-

92 2413 194 2476 brum
225 2409 433 2494 primarium:
456 2408 518 2474 An.
533 2408 608 2494 XV,
634 2410 689 2495 13,
712 2409 749 2474 5:
778 2431 832 2475 nee
854 2411 944 2476 alind
967 2407 1151 2497 (agebant),
1181 2431 1275 2492 quam

92 2519 295 2582 munimenta
307 2516 549 2600 propuupnabant
562 2515 599 2581 cf.
614 2517 762 2602 exempla
776 2517 810 2580 in
825 2517 929 2582 lexico
943 2517 1076 2582 Taciteo
1097 2539 1116 2580 a
1132 2516 1274 2582 Gerbero

92 2631 124 2690 et
153 2624 291 2690 Greefio
314 2646 344 2707 p.
359 2623 401 2687 66
417 2627 450 2687 et
467 2621 509 2686 75
533 2623 775 2688 accuratissime
798 2624 943 2690 collecta.
985 2623 1170 2688 Dictionem
1199 2647 1275 2688 non

92 2733 342 2815 ultraquam
365 2728 563 2814 deprehendi
583 2728 810 2816 brachylogiee
835 2730 1030 2795 adhibitam:
1054 2729 1196 2816 H.1191,
1219 2731 1274 2795 13:

91 2843 269 2904 mmmmtus
284 2838 390 2918 primo
410 2836 560 2919 Vitellius,
582 2857 645 2900 non
668 2841 770 2902 tamen
792 2837 876 2902 ultra
895 2835 1000 2924 (tecit)
1024 2858 1118 2919 quom
1137 2837 1275 2901 tribunos

86 2947 193 3028 plebis
215 2946 253 3009 in
276 2943 432 3009 auailmm
453 2949 571 3024 sptem
587 2945 748 3025 potestatis
770 2945 937 3010 advocavit.
979 3015 982 3019 ,

400 3149 436 3212 1))
457 3149 501 3203 de
524 3147 716 3203 enuntiatis
739 3149 974 3205 secundariis:

188 3264 225 3351 a)
250 3265 384 3329 verbnm
407 3264 535 3328 finitum
559 3263 743 3348 generalius
768 3287 807 3330 ex
830 3265 992 3330 enuntiati
1016 3264 1165 3349 primarii
1183 3286 1274 3348 prae-

91 3375 209 3439 dicato
241 3370 394 3436 sumitur:
424 3368 499 3435 Η.Ι
519 3370 645 3455 89,11:
680 3375 745 3434 tum
775 3372 906 3454 uptones
939 3372 1105 3453 classesque
1134 3375 1163 3434 ot
1195 3371 1276 3452 quod

90 3502 170 3546 raro
204 3480 286 3544 alias
313 3478 533 3561 praetorianus
560 3477 756 3558 urbanusque
783 3478 870 3543 miles
893 3480 928 3542 in
950 3479 1046 3541 aciem
1069 3478 1206 3552 deducti;
1230 3513 1273 3522 —
1302 3515 1305 3521 -

92 3591 157 3653 An
174 3585 258 3650 XVI
276 3584 326 3669 19,
344 3585 400 3648 10:
423 3605 461 3648 ne
483 3585 632 3650 codicillis
654 3585 788 3667 onmem,
811 3585 893 3666 quod
908 3584 1047 3665 plerique
1067 3584 1273 3667 pereuntium,

92 3696 257 3759 Neronem
279 3695 335 3757 out
359 3688 544 3774 Tepellinnm
567 3696 624 3755 aut
644 3711 732 3773 quem
755 3690 855 3754 alium
873 3690 1043 3771 muntium
1065 3691 1212 3755 adulatus
1231 3696 1275 3754 est

91 3799 148 3887 (cf.
173 3797 302 3882 Haase,
333 3797 543 3880 Vorlesunpeu
565 3799 638 3862 iiber
668 3798 720 3862 lat.
744 3795 1073 3880 Spraelnisscnsclaft
1092 3795 1109 3860 I
1130 3821 1161 3882 p.
1183 3792 1273 3882 208).

190 3904 290 3970 Haud
305 3927 378 3969 raro
398 3903 550 3968 similiter
569 3905 704 3970 verbum
723 3903 852 3968 finitum
866 3903 1030 3968 omittitur
1044 3904 1079 3967 in
1093 3903 1272 3968 subiunctis

92 4012 281 4080 enuntiatis
306 4011 550 4097 comparativis,
574 4033 656 4096 quae
680 4010 862 4095 composita
886 4015 964 4075 sunt
988 4032 1025 4075 ex
1049 4010 1272 4094 comparativo

94 4118 334 4185 adverbialiter
347 4118 465 4204 posite,
480 4141 576 4202 quem
596 4118 743 4203 sequitur
761 4118 923 4202 particula
938 4138 1060 4201 quam,
1080 4121 1113 4180 et
1131 4116 1272 4180 dictione

92 4224 384 4312 praepositionali,
407 4246 489 4308 quae
504 4225 741 4309 quodammodo
761 4228 849 4313 recta
873 4229 924 4288 est
943 4223 1041 4287 verbo
1060 4222 1154 4287 finito
1174 4245 1272 4288 enun-

93 4334 175 4398 tiati
209 4332 370 4416 primarii:
405 4330 446 4396 Η.
466 4331 481 4394 Ι
505 4332 561 4416 22,
586 4332 620 4395 2:
652 4335 681 4394 et
712 4331 816 4395 intimi
850 4330 1025 4395 libertorum
1051 4349 1272 4412 seruorumque,

93 4441 272 4520 corraeptim
310 4459 404 4521 queam
440 4439 479 4502 in
512 4439 641 4521 minata
676 4438 764 4502 nmo
796 4435 882 4523 (fieri
915 4433 1040 4521 debuit)
1078 4435 1192 4514 mutu
1234 4474 1268 4482 —
