3176 5220
796 448 1014 512 ..44-

322 614 571 692 cunctanter,
612 628 657 672 sc.
698 611 828 692 agunt.
892 605 1115 672 Grammatico
1153 604 1237 670 ratio
1276 626 1340 669 non
1381 603 1487 668 obstat

321 715 507 800 Walther0,
542 714 598 778 sed
633 713 813 798 simplicius
844 717 1084 779 cunctanter
1112 712 1260 797 iungitur
1294 733 1366 776 cum
1403 731 1488 774 con-

322 824 468 908 gressi,
492 821 626 886 verbum
650 820 779 884 finitum
801 821 904 885 totius
928 819 1089 886 enuntiati
1111 822 1162 884 est
1184 819 1379 905 pepigere.

411 927 459 992 IV
475 929 535 1014 47,
557 929 579 991 4
598 949 664 1011 seq.
688 929 731 992 od
751 927 864 992 losum
889 927 994 1011 perpet
1024 925 1223 1009 compositum
1254 926 1320 989 ium
1346 945 1407 1008 per
1439 944 1489 988 au·

319 1036 440 1116 puellus
462 1035 608 1100 saltuum.
631 1033 760 1116 quidum
788 1033 950 1100 audentius
970 1033 1088 1117 cauus
1110 1031 1145 1096 lu
1163 1031 1291 1097 collibus
1307 1031 1490 1112 uisebantur,

322 1159 397 1219 quos
433 1143 496 1206 uua
527 1141 691 1206 Rouuuus
769 1143 898 1224 pepulit.
950 1139 1159 1204 Doederlein:
1196 1139 1409 1203 audentius
1448 1157 1489 1200 sc.

323 1251 499 1332 agentes3
534 1247 734 1332 Nipperdey:
779 1247 1007 1332 audentius,
1053 1245 1139 1310 vveil
1178 1245 1417 1310 visebantur
1451 1263 1489 1306 so

321 1355 405 1418 viel
435 1355 487 1418 ist
518 1353 575 1418 als
605 1356 684 1439 „sue
710 1355 850 1437 eulpteu
879 1352 994 1419 sleh“.
1040 1351 1201 1417 Neutrum
1225 1352 1341 1436 placet.
1378 1350 1490 1435 Neque

321 1459 427 1545 Roth,
459 1460 539 1544 Agr.
553 1485 583 1546 p.
599 1462 663 1524 217
697 1483 764 1524 rem
798 1461 976 1546 expedivit,
1014 1481 1086 1524 cum
1123 1459 1230 1523 locum
1267 1462 1419 1523 nostrum
1447 1455 1490 1520 eis

321 1567 477 1652 exemplis
515 1568 756 1653 adnumeraret,
788 1568 904 1652 quibus
941 1557 1060 1632 Taciti
1086 1566 1171 1630 ratio
1210 1566 1400 1630 adverbium
1435 1584 1489 1649 pro

322 1674 481 1738 attributo
521 1674 698 1758 usurpandi
737 1674 1062 1740 circumscriberetur.
1115 1673 1265 1758 Longum
1306 1677 1368 1755 est,
1410 1673 1491 1736 hanc

316 1781 491 1846 'brevitatis
515 1781 654 1845 formam
681 1785 785 1846 totam
815 1781 878 1845 hoc
907 1781 978 1844 loco
1008 1782 1163 1864 tractare,
1193 1780 1250 1844 sed
1272 1778 1407 1844 Tacitus
1438 1776 1490 1841 ad·

320 1888 432 1958 verhia
453 1887 645 1952 attributive
667 1909 734 1952 non
751 1888 899 1972 posuisse
918 1887 1047 1952 videtur
1064 1887 1127 1951 nisi
1146 1887 1232 1950 inter
1250 1885 1491 1951 substantivum

321 1998 354 2058 et
384 1996 549 2060 notionem
579 1994 821 2058 attributivam:
859 1994 896 2059 cf.
925 1994 1005 2078 Agr.
1028 1994 1064 2078 3,
1096 1994 1136 2058 18
1167 1993 1217 2056 hic
1246 1994 1370 2057 iuterim
1401 1991 1489 2065 libau

310 2099 382 2165 ‘An
396 2101 429 2164 Π
444 2101 496 2184 20,
520 2098 570 2184 stc
589 2102 684 2166 seuslt
702 2103 766 2166 dua
784 2103 935 2185 luporem·
954 2101 1123 2165 comuiuus
1135 2120 1285 2182 pupuau.
1323 2096 1490 2182 Exempla,

321 2227 403 2290 quae
426 2206 514 2271 Roth
534 2207 555 2270 l.
569 2208 589 2271 l.
606 2208 784 2294 congessit,
801 2207 884 2272 nihil
908 2207 948 2272 ad
972 2208 1079 2272 locum
1097 2210 1246 2271 nostrum
1265 2205 1490 2290 explicandum

320 2313 430 2378 valent
453 2318 486 2378 et
503 2314 658 2400 pleraque
677 2315 773 2379 aliter
791 2314 981 2398 explicanda
1004 2318 1090 2380 sunt.
1125 2313 1224 2398 Vera,
1248 2312 1371 2397 opinor,
1394 2313 1489 2376 inter·

319 2421 460 2505 pretatio
483 2425 594 2486 nostro
619 2422 690 2486 loco
709 2421 893 2506 exemplum
914 2421 1008 2506 quasi
1028 2419 1245 2506 deprehendet
1264 2419 1333 2484 eius
1352 2417 1487 2483 brevilo-

322 2527 482 2610 quentiae,
506 2550 569 2613 qua
593 2527 729 2613 aliquid,
754 2529 838 2612 quod
863 2551 901 2592 ex
925 2528 1050 2592 duabus
1070 2527 1164 2613 quasi
1181 2526 1330 2612 partibus
1355 2526 1489 2608 constal,

320 2633 354 2696 in
377 2655 476 2698 unam
500 2633 703 2698 contrahitur
726 2635 920 2699 sententiam
945 2634 983 2698 cf.
998 2633 1060 2698 Am
1076 2633 1123 2698 lV
1138 2633 1168 2718 3,
1191 2634 1212 2696 ‘t
1239 2637 1269 2698 et
1293 2634 1369 2715 putu
1395 2631 1428 2696 ui
1451 2633 1491 2694 tot

319 2741 413 2805 simul
435 2742 585 2823 corruere
607 2741 751 2825 tutulum,
774 2742 861 2806 dolus
883 2741 1050 2805 tutuuulla
1072 2741 1217 2804 securum
1234 2739 1385 2824 poscebat,
1408 2755 1488 2822 quae

320 2844 407 2910 dicta
426 2850 502 2910 sunt
517 2868 576 2931 pro
593 2847 679 2911 dolo
698 2869 800 2931 opus
820 2851 908 2912 erat
926 2848 1037 2932 isque
1056 2846 1281 2912 intervalla
1299 2844 1490 2930 poscebat

321 2947 374 3036 (cf.
390 2951 503 3038 Halm,
531 2954 561 3018 J.
582 2954 696 3019 Jahrb.
716 2953 759 3019 55
774 2977 803 3038 p.
818 2951 914 3040 403);
943 2955 1022 3038 Agr.
1040 2955 1089 3040 12,
1108 2955 1128 3018 2
1153 2975 1233 3038 seq.:
1261 2953 1338 3017 olim
1371 2951 1489 3035 repttu

316 3059 482 3144 parebant,
505 3081 587 3124 uacuo
603 3081 662 3143 per
678 3062 836 3143 principes
859 3058 1033 3148 (reguntur
1052 3057 1097 3146 et)
1115 3056 1303 3138 factionibus
1326 3063 1355 3122 et
1378 3057 1489 3124 studiis

319 3165 536 3230 distrahuutur
572 3163 625 3253 (cf.
649 3166 833 3252 Baehrens,
866 3191 907 3232 m.
926 3189 967 3232 cr.
987 3191 1016 3252 p.
1035 3163 1121 3252 162).
1176 3166 1230 3232 Sic
1267 3167 1381 3231 nostro
1418 3165 1487 3228 loco

320 3272 537 3337 audentius
562 3273 711 3356 apertis
739 3274 777 3337 in
810 3274 983 3339 collibus
1017 3273 1252 3339 visebantur
1284 3272 1406 3336 dictum
1440 3271 1489 3334 est

318 3400 378 3461 pro
403 3379 610 3444 audentius
635 3380 780 3463 apertis
804 3380 843 3444 in
866 3381 1034 3446 collibus
1062 3380 1323 3445 versabantur
1351 3378 1487 3463 ibique

319 3484 556 3551 visebantur.
603 3487 718 3571 Itaque
746 3509 844 3552 causa
875 3510 941 3553 non
964 3492 1014 3552 est
1037 3486 1198 3552 scribendi
1227 3487 1488 3552 versabantur

319 3613 376 3674 pro
400 3592 646 3659 visebantur.

319 3786 348 3849 2.
368 3786 546 3852 ablativo
567 3789 685 3874 modi,
710 3788 895 3854 cuiusvis
914 3811 1034 3873 prope
1053 3789 1204 3854 accedit
1224 3790 1269 3854 ad
1291 3789 1486 3854 notionem

768 3895 1043 3960 adverbialem.
1115 3905 1118 3912 “

407 4016 458 4086 Ex
481 4017 574 4102 locis,
606 4019 724 4102 quibus
757 4019 889 4084 verbum
922 4039 1036 4103 agere
1059 4021 1204 4105 positum
1228 4025 1278 4086 est
1301 4024 1376 4105 post
1399 4018 1485 4084 abla-

318 4124 422 4188 tivum
453 4124 540 4189 modi
569 4123 622 4211 (ut
640 4124 702 4190 An.
718 4125 825 4211 1164,
861 4126 901 4190 13
937 4128 990 4191 sed
1023 4129 1129 4209 primo
1165 4128 1292 4193 subdola
1326 4125 1486 4190 concordia

317 4250 419 4311 operm
447 4266 489 4277 -
517 4231 565 4296 Vl
585 4233 644 4316 27,
677 4231 784 4316 lists:
814 4233 869 4312 qut
949 4233 1066 4298 illustri
1144 4234 1275 4315 forulae
1308 4253 1403 4315 opere,
1432 4224 1484 4313 al.)

318 4335 423 4401 elucet
446 4336 655 4403 omissionem
677 4338 774 4404 huius
798 4339 889 4404 verbi
912 4342 1057 4406 exstare:
1079 4339 1122 4406 H.
1138 4339 1255 4426 11145,
1280 4338 1374 4424 resto
1392 4344 1421 4404 et
1441 4355 1484 4404 co·

317 4441 416 4508 laertes
448 4445 577 4527 alaeque
598 4450 720 4512 uestrae
748 4447 847 4512 curiis
875 4447 1022 4531 proelum
1053 4467 1184 4512 aarum
1220 4452 1323 4512 tumea
1348 4444 1485 4531 periculo
