3176 5220
759 437 975 532 432-

284 597 353 664 oide
377 597 593 663 demonstrari
616 597 748 682 ellipsin
770 619 842 662 eam
865 597 894 660 ei
911 596 1016 662 visam
1040 617 1110 660 esse
1134 596 1264 680 vitium,
1288 617 1362 660 oum
1385 617 1459 660 ver-

283 704 360 769 bum
379 703 583 770 subtractum
606 703 739 788 aliquod
758 726 834 769 non
853 703 934 768 satis
954 726 993 767 ex
1007 703 1123 767 ceteris
1143 703 1401 788 intellegeretur.
1414 737 1460 748 -—

284 809 444 874 Iudicium
467 811 587 894 pendet
610 833 649 875 ex
673 811 879 896 quaestione,
910 809 987 894 quid
1016 809 1079 874 sibi
1103 809 1206 874 velint
1227 810 1328 876 uerba
1351 808 1461 873 inter

284 916 393 982 vitia.
439 915 484 982 Ut
511 923 626 983 notum
655 920 705 982 est
731 916 1007 1001 praepositionem
1035 917 1139 981 inter
1169 939 1242 980 cum
1269 915 1460 980 nominibus

285 1023 490 1088 coniunctam
514 1046 610 1108 saepe
633 1023 863 1108 brachylogice
887 1046 926 1088 ex
949 1021 1035 1088 Livii
1063 1025 1171 1088 aetate
1199 1023 1270 1087 loco
1295 1020 1461 1086 enuntiati

196 1203 197 1207 η
285 1129 568 1195 coniunctionibus
587 1130 751 1195 subiuncti
769 1130 821 1194 vel
840 1129 977 1194 ablativi
1000 1129 1142 1194 absoluti
1162 1130 1209 1194 Ita
1237 1128 1397 1212 adhiberi,
1421 1131 1463 1192 ut

175 1243 177 1250 '
285 1241 392 1302 status
414 1237 467 1302 vel
490 1237 650 1322 condicio,
674 1259 738 1321 qua
756 1235 875 1320 aliquis
894 1236 946 1300 vel
965 1237 1089 1320 aliquid
1107 1241 1232 1322 utatur,
1255 1235 1464 1320 significetur

286 1328 523 1429 (cantuger,
548 1343 625 1409 nise.
650 1342 740 1428 syna.
759 1343 812 1423 15
831 1339 926 1428 273),
962 1342 1011 1408 ie
1042 1343 1191 1434 euersae
1221 1344 1314 1428 nese,
1345 1347 1463 1406 utrum

286 1452 398 1513 nostro
421 1449 494 1514 loco
518 1450 618 1514 verba
647 1449 750 1514 inter
780 1449 882 1513 vitia
911 1449 1021 1534 posita
1051 1450 1117 1515 sint
1146 1473 1205 1535 pro
1235 1472 1317 1516 oum
1353 1450 1464 1514 inter

162 1595 164 1600 .
286 1555 388 1621 vitia
418 1555 472 1620 sit
501 1578 543 1620 an
572 1577 632 1642 pro
664 1578 745 1621 cum
777 1555 884 1620 inter
920 1555 1020 1620 vitia
1050 1556 1257 1622 habeatur.
1303 1553 1338 1620 Si
1374 1555 1463 1620 illud

287 1661 531 1747 amplectimur,
562 1684 781 1748 supponamus
814 1661 1052 1738 Quintilianum
1087 1664 1196 1748 ipsum
1230 1685 1301 1728 eam
1331 1661 1464 1726 dicendi

286 1767 498 1854 brevitatem,
521 1791 586 1854 qua
609 1768 747 1856 aliquid
762 1768 811 1832 ita
842 1768 1061 1854 subtrahitur,
1091 1774 1129 1834 ut
1160 1769 1241 1834 satis
1271 1792 1310 1834 ex
1341 1769 1462 1833 ceteris

286 1875 514 1961 intellegatur,
542 1875 660 1940 vitium
690 1874 844 1940 habuisse
875 1875 1036 1962 cogimur3
1073 1877 1102 1942 si
1132 1881 1242 1942 autern
1272 1877 1374 1941 altera
1404 1897 1463 1940 ex-

288 1980 421 2066 plicatio
451 2003 527 2046 vera
561 1984 639 2065 est,
662 1982 767 2047 elucet
800 1981 834 2046 in
866 2003 904 2046 eo
938 1983 1020 2046 verti
1058 2005 1206 2067 sensum,
1240 1987 1277 2047 ut
1303 1984 1351 2048 ,ab
1384 1980 1464 2046 aliis

288 2086 475 2152 hominibus
495 2087 711 2172 synecdoches
730 2088 789 2152 illa
807 2089 930 2174 species
949 2089 1035 2155 inter
1053 2090 1135 2154 vitia
1153 2089 1267 2154 habIta
1281 2094 1314 2154 et
1333 2088 1464 2172 ellipsis

289 2197 406 2259 vocata
438 2193 490 2260 sit.
545 2195 776 2280 Quamobrem,
808 2218 881 2261 cum
914 2218 933 2259 a
965 2195 1123 2281 scriptore
1153 2198 1268 2260 nostro
1301 2193 1464 2260 terminus

290 2300 443 2386 ellipseos
466 2324 531 2367 non
553 2302 618 2367 nisi
642 2301 683 2367 ad
706 2302 890 2366 soloecismi
912 2302 996 2367 illud
1013 2302 1131 2368 vitium
1151 2299 1205 2388 (cf.
1218 2301 1244 2367 I.
1259 2301 1289 2387 5,
1303 2297 1360 2386 40)
1384 2321 1463 2365 con-

290 2407 394 2472 latum
418 2409 471 2494 sit,
484 2395 630 2494 ⁸cumque
653 2409 723 2494 ipse
747 2431 819 2472 eam
842 2409 968 2473 dicendi
990 2409 1143 2494 formam,
1171 2430 1237 2494 qua
1266 2406 1390 2491 aliquid
1414 2406 1466 2470 sic

291 2515 472 2600 omittitur,
495 2519 532 2579 ut
554 2519 665 2580 tamen
688 2514 781 2598 quasi
804 2515 944 2580 latenter
974 2516 1115 2601 dicatur,
1144 2511 1277 2580 minime
1307 2514 1466 2578 vitiosam

292 2642 363 2686 esse
386 2620 501 2685 doceat
531 2618 586 2708 (cf.
597 2619 646 2685 IX
668 2621 702 2706 3,
723 2620 780 2706 583
803 2619 884 2688 VIII
900 2623 929 2707 6,
944 2624 984 2686 21
1010 2621 1089 2686 mibi
1110 2621 1282 2706 figuram
1299 2621 1379 2685 leone
1400 2639 1468 2686 esse

291 2725 394 2813 magis
418 2727 538 2810 platee&
570 2728 693 2813 figuras
723 2728 809 2792 enim
832 2751 897 2794 non
919 2729 1006 2794 inter
1028 2728 1110 2793 vitia
1136 2728 1265 2813 habuit,
1293 2725 1350 2792 'sed
1377 2726 1469 2792 inter

292 2833 467 2919 praecipua
499 2833 655 2899 orationis
691 2838 893 2900 ornamenta:
921 2835 959 2900 cf.
972 2835 1020 2899 IX
1037 2836 1071 2920 13
1094 2835 1252 2920 2‚1-33
1275 2835 1311 2919 3,
1333 2835 1354 2897 2
1373 2831 1470 2919 seq),

292 2961 358 3004 non
376 2940 510 3005 verbnm
530 2962 628 3025 esse,
647 2941 704 3005 sed
722 2939 858 3006 haberi
878 2942 928 3006 vel
944 2941 1050 3006 simile
1070 2941 1147 3026 quid
1166 2939 1382 3025 supplendum
1401 2944 1467 3004 est.

292 3045 481 3111 Tenendum
503 3047 605 3132 igitur
628 3050 688 3133 est,
710 3069 776 3112 non
800 3070 819 3112 a
843 3047 1059 3133 Quintiliano,
1089 3048 1146 3112 sed
1169 3046 1210 3110 ab
1234 3045 1308 3110 aliis
1332 3044 1468 3130 ellipsin

293 3151 387 3217 illam
419 3151 460 3216 ad
492 3153 716 3236 synecdochen
748 3157 950 3239 spectantem
979 3154 1069 3219 vitiis
1103 3175 1173 3218 esse
1208 3151 1468 3218 adnumeratam.

294 3258 399 3323 Immo
426 3281 518 3344 vero,
545 3258 652 3344 iuquit
683 3260 831 3346 Dzialas,
859 3260 1061 3337 Quintiliano
1084 3259 1201 3325 vitium
1225 3258 1397 3324 videbatur
1425 3281 1470 3324 ea

295 3365 431 3451 ellipsis,
455 3387 519 3450 qua
541 3365 674 3451 aliquod
698 3367 832 3432 verbum
856 3368 1057 3433 subtractum
1080 3390 1155 3432 non
1179 3366 1258 3430 satis
1287 3388 1326 3430 ex
1348 3366 1469 3430 ceteris

294 3472 446 3557 intellegi
468 3476 591 3557 potest!
629 3473 735 3550 Quid?
759 3474 882 3539 dixitne
901 3473 1122 3551 Quintilianus
1144 3473 1212 3538 tale
1236 3473 1335 3556 qnid?
1357 3494 1469 3538 nonne

295 3601 446 3664 expresse
465 3575 527 3665 (IX
541 3581 571 3666 3,
587 3580 629 3646 58
640 3576 721 3667 seq.)
740 3581 841 3646 hanc
859 3580 1030 3646 brevItatis
1049 3579 1198 3664 formam,
1216 3579 1250 3644 id
1265 3579 1350 3664 quod
1366 3601 1470 3663 supra

295 3685 362 3749 iam
393 3707 425 3768 p.
447 3685 487 3749 18
506 3707 530 3749 s.
551 3685 861 3772 demonstrauimus,
903 3686 1111 3773 aposiopesin
1146 3686 1275 3752 vocavit
1311 3690 1344 3751 et
1379 3685 1471 3750 inter
1586 3767 1587 3776 ἵ

296 3791 418 3875 figuras
446 3791 679 3856 sententiarum
708 3793 931 3859 enumeravit?
978 3791 1054 3858 Sine
1087 3792 1184 3858 dubio
1212 3793 1311 3858 verba
1343 3793 1470 3857 cabum

295 3898 379 3962 euim
401 3916 439 3962 ex
460 3897 559 3963 corbis
586 3899 734 3983 intellcpi,
766 3901 848 3981 quod
874 3899 955 3964 iuter
983 3898 1062 3964 citio
1090 3899 1207 3982 elliprsc's
1234 3904 1360 3964 vocatur
1388 3899 1469 3963 sirn-
1586 3907 1587 3929 ¹

296 4003 474 4090 plicissime
497 4003 741 4090 rectissimeque
759 4005 893 4091 perinde
912 4005 1115 4091 explicantur
1138 4005 1222 4071 acsi
1244 4005 1470 4082 Quintilianus

298 4110 443 4196 dixisset,
466 4111 625 4176 verbum
649 4133 692 4176 ex
716 4111 849 4176 verbis
879 4111 1132 4198 intellegere,
1164 4112 1265 4196 quod
1294 4112 1341 4176 ab
1373 4110 1470 4177 aliis
1586 4121 1587 4170 l

298 4217 404 4282 inter
426 4217 526 4283 vitia
548 4216 723 4284 habitum
748 4220 786 4284 et
804 4218 973 4284 termino
994 4219 1180 4304 ellipseos
1199 4220 1375 4283 vocatum
1395 4221 1471 4304 est,
1586 4233 1587 4302 1

298 4323 466 4409 figuram
496 4347 582 4390 esse
613 4323 712 4389 mihi
748 4324 872 4410 magis
910 4326 1049 4409 placet.
1101 4324 1198 4390 Patet
1231 4324 1333 4409 igItur
1367 4323 1471 4401 Quiu-

298 4429 451 4495 tilianum
473 4453 539 4496 non
560 4434 629 4496 tam
653 4431 694 4496 iis
716 4451 915 4516 repugnasse
938 4432 1059 4497 nostris
1082 4432 1204 4511 verbis,
1236 4430 1292 4514 qui
1315 4430 1471 4516 ellipseos
1586 4467 1587 4530 p
