<?xml version="1.0" encoding="UTF-8"?>
<!DOCTYPE html PUBLIC "-//W3C//DTD XHTML 1.0 Transitional//EN"
    "http://www.w3.org/TR/xhtml1/DTD/xhtml1-transitional.dtd">
<html xmlns="http://www.w3.org/1999/xhtml" xml:lang="en" lang="en">
 <head>
  <title>
</title>
<meta http-equiv="Content-Type" content="text/html;charset=utf-8" />
  <meta name='ocr-system' content='tesseract 3.04.00' />
  <meta name='ocr-capabilities' content='ocr_page ocr_carea ocr_par ocr_line ocrx_word'/>
</head>
<body>
  <div class='ocr_page' id='page_1' title='image "./debreviloquenti01clemgoog_0025.png"; bbox 0 0 3152 5222; ppageno 0'>
   <div class='ocr_carea' id='block_1_1' title="bbox 760 460 980 525">
    <p class='ocr_par' dir='ltr' id='par_1_1' title="bbox 760 460 980 525">
     <span class='ocr_line' id='line_1_1' title="bbox 760 460 980 525; baseline -0.005 -18"><span class='ocrx_word' id='word_1_1' title='bbox 760 460 980 525; x_wconf 73' lang='lat'>-16..</span> 
     </span>
    </p>
   </div>
   <div class='ocr_carea' id='block_1_2' title="bbox 287 616 1461 1238">
    <p class='ocr_par' dir='ltr' id='par_1_2' title="bbox 287 616 1461 1238">
     <span class='ocr_line' id='line_1_2' title="bbox 287 616 1456 706; baseline -0.004 -19"><span class='ocrx_word' id='word_1_2' title='bbox 287 625 423 688; x_wconf 84' lang='lat' dir='ltr'>revertor</span> <span class='ocrx_word' id='word_1_3' title='bbox 444 621 488 688; x_wconf 90' lang='lat' dir='ltr'>ad</span> <span class='ocrx_word' id='word_1_4' title='bbox 508 621 590 689; x_wconf 85' lang='lat' dir='ltr'>illud</span> <span class='ocrx_word' id='word_1_5' title='bbox 609 621 646 686; x_wconf 84' lang='lat' dir='ltr'>dc</span> <span class='ocrx_word' id='word_1_6' title='bbox 668 641 727 703; x_wconf 80' lang='lat' dir='ltr'>pua</span> <span class='ocrx_word' id='word_1_7' title='bbox 750 621 899 686; x_wconf 78' lang='lat' dir='ltr'>iudicium</span> <span class='ocrx_word' id='word_1_8' title='bbox 912 617 979 686; x_wconf 85' lang='lat' dir='ltr'>est“</span> <span class='ocrx_word' id='word_1_9' title='bbox 1004 616 1165 706; x_wconf 89' lang='lat' dir='ltr'>(sequitur</span> <span class='ocrx_word' id='word_1_10' title='bbox 1188 618 1327 684; x_wconf 85' lang='lat' dir='ltr'>alterum</span> <span class='ocrx_word' id='word_1_11' title='bbox 1350 639 1456 684; x_wconf 84' lang='lat' dir='ltr'>exem·</span> 
     </span>
     <span class='ocr_line' id='line_1_3' title="bbox 287 724 1457 816; baseline -0.004 -21"><span class='ocrx_word' id='word_1_12' title='bbox 287 727 403 816; x_wconf 90' lang='lat' dir='ltr'>plum).</span> <span class='ocrx_word' id='word_1_13' title='bbox 448 727 520 806; x_wconf 82' lang='lat' dir='ltr'>Qua</span> <span class='ocrx_word' id='word_1_14' title='bbox 546 727 672 792; x_wconf 86' lang='lat' dir='ltr'>ratione</span> <span class='ocrx_word' id='word_1_15' title='bbox 706 749 771 792; x_wconf 88' lang='lat' dir='ltr'>nna</span> <span class='ocrx_word' id='word_1_16' title='bbox 798 725 838 791; x_wconf 89' lang='lat' dir='ltr'>ab</span> <span class='ocrx_word' id='word_1_17' title='bbox 865 726 969 792; x_wconf 87' lang='lat' dir='ltr'>altera</span> <span class='ocrx_word' id='word_1_18' title='bbox 997 725 1126 791; x_wconf 90' lang='lat' dir='ltr'>recedat</span> <span class='ocrx_word' id='word_1_19' title='bbox 1153 725 1328 812; x_wconf 86' lang='lat' dir='ltr'>descriptio</span> <span class='ocrx_word' id='word_1_20' title='bbox 1355 724 1457 790; x_wconf 87' lang='lat' dir='ltr'>mani-</span> 
     </span>
     <span class='ocr_line' id='line_1_4' title="bbox 287 830 1459 919; baseline -0.003 -19"><span class='ocrx_word' id='word_1_21' title='bbox 287 835 408 902; x_wconf 86' lang='lat' dir='ltr'>festum</span> <span class='ocrx_word' id='word_1_22' title='bbox 441 838 505 918; x_wconf 81' lang='lat' dir='ltr'>est3</span> <span class='ocrx_word' id='word_1_23' title='bbox 532 833 689 919; x_wconf 88' lang='lat' dir='ltr'>probatur</span> <span class='ocrx_word' id='word_1_24' title='bbox 721 837 831 898; x_wconf 86' lang='lat' dir='ltr'>autem</span> <span class='ocrx_word' id='word_1_25' title='bbox 861 832 924 898; x_wconf 91' lang='lat' dir='ltr'>hac</span> <span class='ocrx_word' id='word_1_26' title='bbox 957 830 1123 898; x_wconf 83' lang='lat' dir='ltr'>Oomilicii</span> <span class='ocrx_word' id='word_1_27' title='bbox 1149 831 1391 918; x_wconf 75' lang='lat' dir='ltr'>praeteritionis</span> <span class='ocrx_word' id='word_1_28' title='bbox 1424 834 1459 896; x_wconf 90' lang='lat' dir='ltr'>et</span> 
     </span>
     <span class='ocr_line' id='line_1_5' title="bbox 289 938 1459 1027; baseline -0.004 -20"><span class='ocrx_word' id='word_1_29' title='bbox 289 941 517 1027; x_wconf 88' lang='lat' dir='ltr'>aposiopeseos</span> <span class='ocrx_word' id='word_1_30' title='bbox 536 939 760 1025; x_wconf 84' lang='lat' dir='ltr'>distinctione,</span> <span class='ocrx_word' id='word_1_31' title='bbox 778 938 984 1026; x_wconf 78' lang='lat' dir='ltr'>aposiopesin</span> <span class='ocrx_word' id='word_1_32' title='bbox 1003 961 1074 1005; x_wconf 90' lang='lat' dir='ltr'>esse</span> <span class='ocrx_word' id='word_1_33' title='bbox 1087 961 1162 1004; x_wconf 90' lang='lat' dir='ltr'>vere</span> <span class='ocrx_word' id='word_1_34' title='bbox 1180 939 1320 1025; x_wconf 65' lang='lat' dir='ltr'>figlinam</span> <span class='ocrx_word' id='word_1_35' title='bbox 1338 960 1459 1022; x_wconf 82' lang='lat' dir='ltr'>earum,</span> 
     </span>
     <span class='ocr_line' id='line_1_6' title="bbox 289 1043 1459 1133; baseline -0.004 -20"><span class='ocrx_word' id='word_1_36' title='bbox 289 1069 372 1133; x_wconf 89' lang='lat' dir='ltr'>qnae</span> <span class='ocrx_word' id='word_1_37' title='bbox 394 1047 479 1112; x_wconf 89' lang='lat' dir='ltr'>fiunt</span> <span class='ocrx_word' id='word_1_38' title='bbox 501 1069 560 1132; x_wconf 89' lang='lat' dir='ltr'>per</span> <span class='ocrx_word' id='word_1_39' title='bbox 582 1046 825 1112; x_wconf 83' lang='lat' dir='ltr'>detractionem</span> <span class='ocrx_word' id='word_1_40' title='bbox 851 1082 887 1092; x_wconf 94' lang='lat'><em>-</em></span> <span class='ocrx_word' id='word_1_41' title='bbox 915 1045 986 1123; x_wconf 76' lang='lat' dir='ltr'>Qua</span> <span class='ocrx_word' id='word_1_42' title='bbox 1008 1046 1134 1111; x_wconf 89' lang='lat' dir='ltr'>ratione</span> <span class='ocrx_word' id='word_1_43' title='bbox 1158 1043 1291 1112; x_wconf 82' lang='lat' dir='ltr'>Cicero</span> <span class='ocrx_word' id='word_1_44' title='bbox 1318 1046 1459 1129; x_wconf 78' lang='lat' dir='ltr'>figuram</span> 
     </span>
     <span class='ocr_line' id='line_1_7' title="bbox 289 1151 1461 1238; baseline -0.003 -19"><span class='ocrx_word' id='word_1_45' title='bbox 289 1158 438 1221; x_wconf 84' lang='lat' dir='ltr'>nostram</span> <span class='ocrx_word' id='word_1_46' title='bbox 461 1153 526 1218; x_wconf 92' lang='lat' dir='ltr'>sibi</span> <span class='ocrx_word' id='word_1_47' title='bbox 549 1154 689 1238; x_wconf 84' lang='lat' dir='ltr'>finxerit,</span> <span class='ocrx_word' id='word_1_48' title='bbox 711 1153 766 1219; x_wconf 87' lang='lat' dir='ltr'>vix</span> <span class='ocrx_word' id='word_1_49' title='bbox 790 1153 855 1218; x_wconf 88' lang='lat' dir='ltr'>dici</span> <span class='ocrx_word' id='word_1_50' title='bbox 876 1156 999 1237; x_wconf 85' lang='lat' dir='ltr'>potest3</span> <span class='ocrx_word' id='word_1_51' title='bbox 1021 1174 1098 1218; x_wconf 90' lang='lat' dir='ltr'>nam</span> <span class='ocrx_word' id='word_1_52' title='bbox 1121 1152 1156 1218; x_wconf 88' lang='lat' dir='ltr'>in</span> <span class='ocrx_word' id='word_1_53' title='bbox 1178 1152 1335 1217; x_wconf 87' lang='lat' dir='ltr'>librorum</span> <span class='ocrx_word' id='word_1_54' title='bbox 1356 1151 1394 1216; x_wconf 85' lang='lat' dir='ltr'>de</span> <span class='ocrx_word' id='word_1_55' title='bbox 1414 1172 1461 1216; x_wconf 93' lang='lat' dir='ltr'>or.</span> 
     </span>
    </p>
   </div>
   <div class='ocr_carea' id='block_1_3' title="bbox 288 1256 1461 1664">
    <p class='ocr_par' dir='ltr' id='par_1_3' title="bbox 288 1256 1460 1558">
     <span class='ocr_line' id='line_1_8' title="bbox 288 1256 1460 1346; baseline -0.003 -21"><span class='ocrx_word' id='word_1_56' title='bbox 288 1260 415 1346; x_wconf 84' lang='grc'><strong>11153,</strong></span> <span class='ocrx_word' id='word_1_57' title='bbox 443 1260 508 1326; x_wconf 77' lang='lat'>205</span> <span class='ocrx_word' id='word_1_58' title='bbox 535 1263 769 1326; x_wconf 69' lang='lat' dir='ltr'>commemorat</span> <span class='ocrx_word' id='word_1_59' title='bbox 795 1262 853 1324; x_wconf 91' lang='lat' dir='ltr'>tan</span> <span class='ocrx_word' id='word_1_60' title='bbox 974 1259 1212 1344; x_wconf 79' lang='lat' dir='ltr'>eticentiam3</span> <span class='ocrx_word' id='word_1_61' title='bbox 1243 1281 1348 1344; x_wconf 90' lang='lat' dir='ltr'>neque</span> <span class='ocrx_word' id='word_1_62' title='bbox 1375 1256 1460 1322; x_wconf 90' lang='lat' dir='ltr'>satis</span> 
     </span>
     <span class='ocr_line' id='line_1_9' title="bbox 289 1364 1460 1453; baseline -0.002 -21"><span class='ocrx_word' id='word_1_63' title='bbox 289 1366 569 1451; x_wconf 89' lang='lat' dir='ltr'>circumscriptum</span> <span class='ocrx_word' id='word_1_64' title='bbox 592 1370 656 1453; x_wconf 90' lang='lat' dir='ltr'>est,</span> <span class='ocrx_word' id='word_1_65' title='bbox 684 1366 770 1451; x_wconf 89' lang='lat' dir='ltr'>qnod</span> <span class='ocrx_word' id='word_1_66' title='bbox 796 1365 828 1432; x_wconf 90' lang='lat' dir='ltr'>le</span> <span class='ocrx_word' id='word_1_67' title='bbox 1037 1369 1119 1431; x_wconf 91' lang='lat' dir='ltr'>ator.</span> <span class='ocrx_word' id='word_1_68' title='bbox 1141 1366 1199 1451; x_wconf 79' lang='lat'>40,</span> <span class='ocrx_word' id='word_1_69' title='bbox 1228 1366 1305 1451; x_wconf 77' lang='lat'>1383</span> <span class='ocrx_word' id='word_1_70' title='bbox 1333 1364 1460 1430; x_wconf 85' lang='lat' dir='ltr'>reticem-</span> 
     </span>
     <span class='ocr_line' id='line_1_10' title="bbox 291 1473 1161 1558; baseline -0.002 -19"><span class='ocrx_word' id='word_1_71' title='bbox 291 1475 368 1540; x_wconf 88' lang='lat' dir='ltr'>tiam</span> <span class='ocrx_word' id='word_1_72' title='bbox 390 1493 464 1558; x_wconf 87' lang='lat' dir='ltr'>esse,</span> <span class='ocrx_word' id='word_1_73' title='bbox 488 1495 582 1556; x_wconf 80' lang='lat' dir='ltr'>quum</span> <span class='ocrx_word' id='word_1_74' title='bbox 604 1474 680 1539; x_wconf 86' lang='lat' dir='ltr'>dicit</span> <span class='ocrx_word' id='word_1_75' title='bbox 701 1477 813 1558; x_wconf 87' lang='lat' dir='ltr'>orator,</span> <span class='ocrx_word' id='word_1_76' title='bbox 835 1493 868 1538; x_wconf 90' lang='lat' dir='ltr'>se</span> <span class='ocrx_word' id='word_1_77' title='bbox 1079 1473 1161 1537; x_wconf 84' lang='lat' dir='ltr'>icere.</span> 
     </span>
    </p>

    <p class='ocr_par' dir='ltr' id='par_1_4' title="bbox 378 1579 1461 1664">
     <span class='ocr_line' id='line_1_11' title="bbox 378 1579 1461 1664; baseline 0 -20"><span class='ocrx_word' id='word_1_78' title='bbox 378 1580 551 1646; x_wconf 89' lang='lat' dir='ltr'>Praeterea</span> <span class='ocrx_word' id='word_1_79' title='bbox 574 1580 637 1645; x_wconf 92' lang='lat' dir='ltr'>huo</span> <span class='ocrx_word' id='word_1_80' title='bbox 664 1579 791 1663; x_wconf 89' lang='lat' dir='ltr'>pertine</span> <span class='ocrx_word' id='word_1_81' title='bbox 1079 1580 1205 1644; x_wconf 89' lang='lat' dir='ltr'>omani</span> <span class='ocrx_word' id='word_1_82' title='bbox 1239 1580 1347 1664; x_wconf 88' lang='lat' dir='ltr'>verba,</span> <span class='ocrx_word' id='word_1_83' title='bbox 1376 1601 1461 1664; x_wconf 90' lang='lat' dir='ltr'>quae</span> 
     </span>
    </p>
   </div>
   <div class='ocr_carea' id='block_1_4' title="bbox 289 1680 1462 1773">
    <p class='ocr_par' dir='ltr' id='par_1_5' title="bbox 289 1680 1462 1773">
     <span class='ocr_line' id='line_1_12' title="bbox 289 1680 1462 1773; baseline -0.003 -21"><span class='ocrx_word' id='word_1_84' title='bbox 289 1689 447 1773; x_wconf 81' lang='lat' dir='ltr'>leguntur</span> <span class='ocrx_word' id='word_1_85' title='bbox 469 1710 520 1772; x_wconf 88' lang='lat' dir='ltr'>ap.</span> <span class='ocrx_word' id='word_1_86' title='bbox 545 1685 668 1772; x_wconf 83' lang='lat' dir='ltr'>Halm,</span> <span class='ocrx_word' id='word_1_87' title='bbox 695 1686 744 1754; x_wconf 91' lang='lat' dir='ltr'>rh.</span> <span class='ocrx_word' id='word_1_88' title='bbox 767 1686 787 1752; x_wconf 85' lang='lat' dir='ltr'>l</span> <span class='ocrx_word' id='word_1_89' title='bbox 807 1708 848 1752; x_wconf 86' lang='lat' dir='ltr'>m.</span> <span class='ocrx_word' id='word_1_90' title='bbox 867 1709 898 1771; x_wconf 89' lang='lat' dir='ltr'>p.</span> <span class='ocrx_word' id='word_1_91' title='bbox 917 1686 973 1750; x_wconf 78' lang='lat'>24:</span> <span class='ocrx_word' id='word_1_92' title='bbox 1005 1680 1250 1770; x_wconf 66' lang='lat' dir='ltr'>incortinatur,</span> <span class='ocrx_word' id='word_1_93' title='bbox 1277 1706 1347 1750; x_wconf 88' lang='lat' dir='ltr'>cum</span> <span class='ocrx_word' id='word_1_94' title='bbox 1373 1687 1462 1750; x_wconf 86' lang='lat' dir='ltr'>iutra</span> 
     </span>
    </p>
   </div>
   <div class='ocr_carea' id='block_1_5' title="bbox 289 1793 1563 1884">
    <p class='ocr_par' dir='ltr' id='par_1_6' title="bbox 289 1793 1563 1884">
     <span class='ocr_line' id='line_1_13' title="bbox 289 1793 1563 1884; baseline -0.002 -25"><span class='ocrx_word' id='word_1_95' title='bbox 289 1815 346 1860; x_wconf 91' lang='lat' dir='ltr'>uos</span> <span class='ocrx_word' id='word_1_96' title='bbox 369 1794 591 1878; x_wconf 73' lang='lat' dir='ltr'>supprimimus</span> <span class='ocrx_word' id='word_1_97' title='bbox 613 1814 662 1878; x_wconf 86' lang='lat' dir='ltr'>ea,</span> <span class='ocrx_word' id='word_1_98' title='bbox 688 1813 765 1878; x_wconf 80' lang='lat' dir='ltr'>puae</span> <span class='ocrx_word' id='word_1_99' title='bbox 786 1793 899 1858; x_wconf 83' lang='lat' dir='ltr'>dicturi</span> <span class='ocrx_word' id='word_1_100' title='bbox 921 1794 1070 1877; x_wconf 86' lang='lat' dir='ltr'>uidemur,</span> <span class='ocrx_word' id='word_1_101' title='bbox 1095 1793 1176 1872; x_wconf 79' lang='lat' dir='ltr'>quod</span> <span class='ocrx_word' id='word_1_102' title='bbox 1197 1797 1254 1856; x_wconf 91' lang='lat' dir='ltr'>aut</span> <span class='ocrx_word' id='word_1_103' title='bbox 1275 1793 1381 1876; x_wconf 85' lang='lat' dir='ltr'>turpia</span> <span class='ocrx_word' id='word_1_104' title='bbox 1404 1799 1464 1858; x_wconf 77' lang='lat' dir='ltr'>auct</span> <span class='ocrx_word' id='word_1_105' title='bbox 1562 1877 1563 1884; x_wconf 6' lang='grc' dir='ltr'>ἵ</span> 
     </span>
    </p>
   </div>
   <div class='ocr_carea' id='block_1_6' title="bbox 290 1895 1463 2093">
    <p class='ocr_par' dir='ltr' id='par_1_7' title="bbox 290 1895 1463 2093">
     <span class='ocr_line' id='line_1_14' title="bbox 290 1895 1463 1985; baseline 0 -19"><span class='ocrx_word' id='word_1_106' title='bbox 290 1902 443 1968; x_wconf 83' lang='lat' dir='ltr'>iumdiosa</span> <span class='ocrx_word' id='word_1_107' title='bbox 461 1905 517 1964; x_wconf 89' lang='lat' dir='ltr'>aut</span> <span class='ocrx_word' id='word_1_108' title='bbox 533 1901 652 1982; x_wconf 78' lang='lat' dir='ltr'>alioqui</span> <span class='ocrx_word' id='word_1_109' title='bbox 670 1899 757 1966; x_wconf 83' lang='lat' dir='ltr'>uobis</span> <span class='ocrx_word' id='word_1_110' title='bbox 772 1900 886 1982; x_wconf 83' lang='lat' dir='ltr'>praaia</span> <span class='ocrx_word' id='word_1_111' title='bbox 903 1901 986 1965; x_wconf 84' lang='lat' dir='ltr'>dictu</span> <span class='ocrx_word' id='word_1_112' title='bbox 1003 1904 1078 1964; x_wconf 89' lang='lat' dir='ltr'>suut</span> <span class='ocrx_word' id='word_1_113' title='bbox 1090 1895 1252 1985; x_wconf 89' lang='lat' dir='ltr'>(sequitur</span> <span class='ocrx_word' id='word_1_114' title='bbox 1266 1900 1463 1985; x_wconf 85' lang='lat' dir='ltr'>exemplum,</span> 
     </span>
     <span class='ocr_line' id='line_1_15' title="bbox 291 2005 1461 2093; baseline 0 -21"><span class='ocrx_word' id='word_1_115' title='bbox 291 2008 377 2093; x_wconf 89' lang='lat' dir='ltr'>quod</span> <span class='ocrx_word' id='word_1_116' title='bbox 409 2007 475 2072; x_wconf 89' lang='lat' dir='ltr'>iam</span> <span class='ocrx_word' id='word_1_117' title='bbox 512 2007 598 2090; x_wconf 86' lang='lat' dir='ltr'>apud</span> <span class='ocrx_word' id='word_1_118' title='bbox 634 2005 802 2072; x_wconf 83' lang='lat' dir='ltr'>Tiberium</span> <span class='ocrx_word' id='word_1_119' title='bbox 840 2005 1023 2071; x_wconf 82' lang='lat' dir='ltr'>invenimus</span> <span class='ocrx_word' id='word_1_120' title='bbox 1061 2006 1211 2091; x_wconf 89' lang='lat' dir='ltr'>quodque</span> <span class='ocrx_word' id='word_1_121' title='bbox 1248 2007 1347 2072; x_wconf 88' lang='lat' dir='ltr'>etiam</span> <span class='ocrx_word' id='word_1_122' title='bbox 1378 2006 1461 2072; x_wconf 87' lang='lat' dir='ltr'>Her·</span> 
     </span>
    </p>
   </div>
   <div class='ocr_carea' id='block_1_7' title="bbox 290 2111 1563 2199">
    <p class='ocr_par' dir='ltr' id='par_1_8' title="bbox 290 2111 1563 2199">
     <span class='ocr_line' id='line_1_16' title="bbox 290 2111 1563 2199; baseline -0.002 -19"><span class='ocrx_word' id='word_1_123' title='bbox 290 2133 446 2199; x_wconf 78' lang='lat' dir='ltr'>magenes</span> <span class='ocrx_word' id='word_1_124' title='bbox 466 2113 486 2178; x_wconf 94' lang='lat' dir='ltr'>l.</span> <span class='ocrx_word' id='word_1_125' title='bbox 502 2112 522 2176; x_wconf 95' lang='lat' dir='ltr'>l.</span> <span class='ocrx_word' id='word_1_126' title='bbox 537 2111 692 2199; x_wconf 83' lang='lat' dir='ltr'>exhibet).</span> <span class='ocrx_word' id='word_1_127' title='bbox 719 2113 882 2178; x_wconf 77' lang='lat' dir='ltr'>Interdum</span> <span class='ocrx_word' id='word_1_128' title='bbox 905 2113 997 2178; x_wconf 75' lang='lat' dir='ltr'>etrum</span> <span class='ocrx_word' id='word_1_129' title='bbox 1019 2116 1139 2178; x_wconf 85' lang='lat' dir='ltr'>utimur</span> <span class='ocrx_word' id='word_1_130' title='bbox 1157 2112 1214 2178; x_wconf 74' lang='lat' dir='ltr'>aaa</span> <span class='ocrx_word' id='word_1_131' title='bbox 1235 2115 1346 2198; x_wconf 74' lang='lat' dir='ltr'>fipura,</span> <span class='ocrx_word' id='word_1_132' title='bbox 1369 2115 1463 2196; x_wconf 79' lang='lat' dir='ltr'>quasi</span> <span class='ocrx_word' id='word_1_133' title='bbox 1562 2191 1563 2194; x_wconf 8' lang='grc' dir='ltr'><strong>Ἴ</strong></span> 
     </span>
    </p>
   </div>
   <div class='ocr_carea' id='block_1_8' title="bbox 290 2214 1464 2732">
    <p class='ocr_par' dir='ltr' id='par_1_9' title="bbox 290 2214 1464 2732">
     <span class='ocr_line' id='line_1_17' title="bbox 290 2214 1463 2305; baseline 0 -19"><span class='ocrx_word' id='word_1_134' title='bbox 290 2221 334 2286; x_wconf 90' lang='lat' dir='ltr'>ad</span> <span class='ocrx_word' id='word_1_135' title='bbox 364 2219 446 2285; x_wconf 84' lang='lat' dir='ltr'>alias</span> <span class='ocrx_word' id='word_1_136' title='bbox 475 2239 525 2284; x_wconf 86' lang='lat' dir='ltr'>res</span> <span class='ocrx_word' id='word_1_137' title='bbox 552 2214 638 2305; x_wconf 84' lang='lat' dir='ltr'>(add.</span> <span class='ocrx_word' id='word_1_138' title='bbox 665 2215 779 2305; x_wconf 79' lang='lat' dir='ltr'>Halm)</span> <span class='ocrx_word' id='word_1_139' title='bbox 805 2239 1012 2302; x_wconf 78' lang='lat' dir='ltr'>properemus.</span> <span class='ocrx_word' id='word_1_140' title='bbox 1060 2219 1137 2284; x_wconf 84' lang='lat' dir='ltr'>Tale</span> <span class='ocrx_word' id='word_1_141' title='bbox 1169 2224 1214 2284; x_wconf 88' lang='lat' dir='ltr'>est</span> <span class='ocrx_word' id='word_1_142' title='bbox 1248 2219 1463 2302; x_wconf 85' lang='lat' dir='ltr'>Verpiliauum</span> 
     </span>
     <span class='ocr_line' id='line_1_18' title="bbox 291 2321 1464 2412; baseline 0 -19"><span class='ocrx_word' id='word_1_143' title='bbox 291 2327 372 2394; x_wconf 83' lang='lat' dir='ltr'>ittud</span> <span class='ocrx_word' id='word_1_144' title='bbox 393 2323 487 2412; x_wconf 85' lang='lat' dir='ltr'>(Aen.</span> <span class='ocrx_word' id='word_1_145' title='bbox 511 2321 640 2412; x_wconf 81' lang='lat'>1135):</span> <span class='ocrx_word' id='word_1_146' title='bbox 667 2346 768 2411; x_wconf 81' lang='lat' dir='ltr'>„quos</span> <span class='ocrx_word' id='word_1_147' title='bbox 794 2345 845 2410; x_wconf 84' lang='lat' dir='ltr'>epo</span> <span class='ocrx_word' id='word_1_148' title='bbox 870 2361 911 2372; x_wconf 94' lang='lat'>—</span> <span class='ocrx_word' id='word_1_149' title='bbox 935 2327 988 2390; x_wconf 90' lang='lat' dir='ltr'>sed</span> <span class='ocrx_word' id='word_1_150' title='bbox 1008 2330 1104 2391; x_wconf 87' lang='lat' dir='ltr'>motas</span> <span class='ocrx_word' id='word_1_151' title='bbox 1120 2331 1262 2408; x_wconf 87' lang='lat' dir='ltr'>praestat</span> <span class='ocrx_word' id='word_1_152' title='bbox 1287 2347 1464 2410; x_wconf 82' lang='lat' dir='ltr'>componere</span> 
     </span>
     <span class='ocr_line' id='line_1_19' title="bbox 290 2429 1462 2518; baseline 0 -18"><span class='ocrx_word' id='word_1_153' title='bbox 290 2431 436 2516; x_wconf 77' lang='lat' dir='ltr'>fluctus“.</span> <span class='ocrx_word' id='word_1_154' title='bbox 460 2469 503 2480; x_wconf 90' lang='lat'><em>-</em></span> <span class='ocrx_word' id='word_1_155' title='bbox 527 2431 667 2518; x_wconf 84' lang='lat' dir='ltr'>Aquilae</span> <span class='ocrx_word' id='word_1_156' title='bbox 690 2429 830 2496; x_wconf 88' lang='lat' dir='ltr'>Romani</span> <span class='ocrx_word' id='word_1_157' title='bbox 862 2430 1082 2498; x_wconf 86' lang='lat' dir='ltr'>definitionem</span> <span class='ocrx_word' id='word_1_158' title='bbox 1115 2453 1217 2516; x_wconf 92' lang='lat' dir='ltr'>paene</span> <span class='ocrx_word' id='word_1_159' title='bbox 1253 2432 1294 2497; x_wconf 86' lang='lat' dir='ltr'>ad</span> <span class='ocrx_word' id='word_1_160' title='bbox 1325 2434 1462 2500; x_wconf 89' lang='lat' dir='ltr'>verbum</span> 
     </span>
     <span class='ocr_line' id='line_1_20' title="bbox 290 2536 1462 2623; baseline -0.001 -18"><span class='ocrx_word' id='word_1_161' title='bbox 290 2539 398 2606; x_wconf 89' lang='lat' dir='ltr'>reddit</span> <span class='ocrx_word' id='word_1_162' title='bbox 424 2543 537 2604; x_wconf 89' lang='lat' dir='ltr'>auctor</span> <span class='ocrx_word' id='word_1_163' title='bbox 565 2537 697 2623; x_wconf 87' lang='lat' dir='ltr'>quidam</span> <span class='ocrx_word' id='word_1_164' title='bbox 724 2536 866 2603; x_wconf 88' lang='lat' dir='ltr'>incertus</span> <span class='ocrx_word' id='word_1_165' title='bbox 896 2560 946 2623; x_wconf 91' lang='lat' dir='ltr'>ap.</span> <span class='ocrx_word' id='word_1_166' title='bbox 970 2538 1078 2605; x_wconf 86' lang='lat' dir='ltr'>Halm.</span> <span class='ocrx_word' id='word_1_167' title='bbox 1100 2561 1131 2623; x_wconf 91' lang='lat' dir='ltr'>p.</span> <span class='ocrx_word' id='word_1_168' title='bbox 1152 2539 1204 2606; x_wconf 79' lang='lat'>74.</span> <span class='ocrx_word' id='word_1_169' title='bbox 1225 2575 1262 2584; x_wconf 94' lang='lat'>—</span> <span class='ocrx_word' id='word_1_170' title='bbox 1284 2538 1462 2604; x_wconf 89' lang='lat' dir='ltr'>Isidorus</span> 
     </span>
     <span class='ocr_line' id='line_1_21' title="bbox 290 2643 1461 2732; baseline 0.001 -21"><span class='ocrx_word' id='word_1_171' title='bbox 290 2645 542 2732; x_wconf 87' lang='lat' dir='ltr'>Hispalensis</span> <span class='ocrx_word' id='word_1_172' title='bbox 571 2643 722 2709; x_wconf 88' lang='lat' dir='ltr'>similiter</span> <span class='ocrx_word' id='word_1_173' title='bbox 745 2644 839 2711; x_wconf 90' lang='lat' dir='ltr'>docet</span> <span class='ocrx_word' id='word_1_174' title='bbox 865 2667 917 2730; x_wconf 88' lang='lat' dir='ltr'>ap.</span> <span class='ocrx_word' id='word_1_175' title='bbox 929 2644 1040 2710; x_wconf 87' lang='lat' dir='ltr'>Halm.</span> <span class='ocrx_word' id='word_1_176' title='bbox 1059 2645 1106 2710; x_wconf 90' lang='lat' dir='ltr'>rh.</span> <span class='ocrx_word' id='word_1_177' title='bbox 1125 2644 1146 2710; x_wconf 95' lang='lat' dir='ltr'>l.</span> <span class='ocrx_word' id='word_1_178' title='bbox 1164 2667 1207 2711; x_wconf 91' lang='lat' dir='ltr'>m.</span> <span class='ocrx_word' id='word_1_179' title='bbox 1224 2669 1256 2730; x_wconf 92' lang='lat' dir='ltr'>p.</span> <span class='ocrx_word' id='word_1_180' title='bbox 1275 2645 1353 2711; x_wconf 78' lang='lat'>521:</span> <span class='ocrx_word' id='word_1_181' title='bbox 1386 2667 1461 2730; x_wconf 88' lang='lat' dir='ltr'>apo-</span> 
     </span>
    </p>
   </div>
   <div class='ocr_carea' id='block_1_9' title="bbox 291 2751 1563 2838">
    <p class='ocr_par' dir='ltr' id='par_1_10' title="bbox 291 2751 1563 2838">
     <span class='ocr_line' id='line_1_22' title="bbox 291 2751 1563 2838; baseline 0.002 -20"><span class='ocrx_word' id='word_1_182' title='bbox 291 2753 418 2838; x_wconf 86' lang='lat' dir='ltr'>siopesis</span> <span class='ocrx_word' id='word_1_183' title='bbox 439 2756 491 2837; x_wconf 87' lang='lat' dir='ltr'>est,</span> <span class='ocrx_word' id='word_1_184' title='bbox 514 2771 583 2817; x_wconf 90' lang='lat' dir='ltr'>cum</span> <span class='ocrx_word' id='word_1_185' title='bbox 606 2751 642 2816; x_wconf 88' lang='lat' dir='ltr'>id</span> <span class='ocrx_word' id='word_1_186' title='bbox 658 2753 740 2834; x_wconf 77' lang='lat' dir='ltr'>quod</span> <span class='ocrx_word' id='word_1_187' title='bbox 755 2752 868 2817; x_wconf 70' lang='lat' dir='ltr'>dicturi</span> <span class='ocrx_word' id='word_1_188' title='bbox 885 2752 1074 2837; x_wconf 81' lang='lat' dir='ltr'>uidebamur,</span> <span class='ocrx_word' id='word_1_189' title='bbox 1097 2752 1219 2818; x_wconf 85' lang='lat' dir='ltr'>sileutio</span> <span class='ocrx_word' id='word_1_190' title='bbox 1242 2753 1463 2838; x_wconf 76' lang='lat' dir='ltr'>intercipimus.</span> <span class='ocrx_word' id='word_1_191' title='bbox 1562 2813 1563 2820; x_wconf 74' lang='grc'>,</span> 
     </span>
    </p>
   </div>
   <div class='ocr_carea' id='block_1_10' title="bbox 291 2854 1462 3050">
    <p class='ocr_par' dir='ltr' id='par_1_11' title="bbox 291 2854 1462 3050">
     <span class='ocr_line' id='line_1_23' title="bbox 380 2854 1462 2944; baseline 0.001 -20"><span class='ocrx_word' id='word_1_192' title='bbox 380 2857 535 2944; x_wconf 72' lang='lat' dir='ltr'>&#39;l&#39;rypho</span> <span class='ocrx_word' id='word_1_193' title='bbox 559 2857 763 2924; x_wconf 88' lang='lat' dir='ltr'>reticentiam</span> <span class='ocrx_word' id='word_1_194' title='bbox 785 2854 919 2942; x_wconf 78' lang='grc' dir='ltr'><em>τρόπων</em></span> <span class='ocrx_word' id='word_1_195' title='bbox 943 2855 1099 2943; x_wconf 74' lang='grc' dir='ltr'><em>φράσεως</em></span> <span class='ocrx_word' id='word_1_196' title='bbox 1121 2879 1192 2923; x_wconf 84' lang='lat' dir='ltr'>esse</span> <span class='ocrx_word' id='word_1_197' title='bbox 1215 2857 1306 2924; x_wconf 88' lang='lat' dir='ltr'>iubet</span> <span class='ocrx_word' id='word_1_198' title='bbox 1324 2881 1462 2944; x_wconf 88' lang='lat' dir='ltr'>eamque</span> 
     </span>
     <span class='ocr_line' id='line_1_24' title="bbox 291 2964 1462 3050; baseline 0.001 -19"><span class='ocrx_word' id='word_1_199' title='bbox 291 2987 358 3031; x_wconf 92' lang='lat' dir='ltr'>non</span> <span class='ocrx_word' id='word_1_200' title='bbox 386 2966 427 3031; x_wconf 90' lang='lat' dir='ltr'>ad</span> <span class='ocrx_word' id='word_1_201' title='bbox 454 2964 587 3050; x_wconf 86' lang='lat' dir='ltr'>planam</span> <span class='ocrx_word' id='word_1_202' title='bbox 613 2964 886 3049; x_wconf 73' lang='lat' dir='ltr'>interruptionem</span> <span class='ocrx_word' id='word_1_203' title='bbox 918 2964 974 3030; x_wconf 90' lang='lat' dir='ltr'>sed</span> <span class='ocrx_word' id='word_1_204' title='bbox 1007 2966 1048 3030; x_wconf 83' lang='lat' dir='ltr'>ad</span> <span class='ocrx_word' id='word_1_205' title='bbox 1081 2965 1332 3031; x_wconf 81' lang='lat' dir='ltr'>occultationem</span> <span class='ocrx_word' id='word_1_206' title='bbox 1365 2966 1462 3032; x_wconf 91' lang='lat' dir='ltr'>unius</span> 
     </span>
    </p>
   </div>
   <div class='ocr_carea' id='block_1_11' title="bbox 175 3070 1563 3266">
    <p class='ocr_par' dir='ltr' id='par_1_12' title="bbox 175 3070 1563 3266">
     <span class='ocr_line' id='line_1_25' title="bbox 292 3070 1461 3168; baseline 0.003 -31"><span class='ocrx_word' id='word_1_207' title='bbox 292 3071 467 3168; x_wconf 77' lang='lat' dir='ltr'>alteriusve</span> <span class='ocrx_word' id='word_1_208' title='bbox 487 3071 667 3136; x_wconf 85' lang='lat' dir='ltr'>sententiae</span> <span class='ocrx_word' id='word_1_209' title='bbox 687 3070 786 3136; x_wconf 88' lang='lat' dir='ltr'>refert</span> <span class='ocrx_word' id='word_1_210' title='bbox 804 3071 865 3157; x_wconf 92' lang='lat' dir='ltr'>ita,</span> <span class='ocrx_word' id='word_1_211' title='bbox 887 3076 926 3138; x_wconf 91' lang='lat' dir='ltr'>ut</span> <span class='ocrx_word' id='word_1_212' title='bbox 944 3075 1123 3138; x_wconf 87' lang='lat' dir='ltr'>ceterarum</span> <span class='ocrx_word' id='word_1_213' title='bbox 1141 3072 1365 3139; x_wconf 90' lang='lat' dir='ltr'>coniunctione</span> <span class='ocrx_word' id='word_1_214' title='bbox 1389 3095 1461 3140; x_wconf 90' lang='lat' dir='ltr'>sen-</span> 
     </span>
     <span class='ocr_line' id='line_1_26' title="bbox 175 3165 1563 3266; baseline 0.001 -22"><span class='ocrx_word' id='word_1_215' title='bbox 175 3165 178 3172; x_wconf 55' lang='grc'><strong>’</strong></span> <span class='ocrx_word' id='word_1_216' title='bbox 290 3178 468 3244; x_wconf 88' lang='lat' dir='ltr'>tentiarnm</span> <span class='ocrx_word' id='word_1_217' title='bbox 487 3175 691 3262; x_wconf 81' lang='lat' dir='ltr'>significetur</span> <span class='ocrx_word' id='word_1_218' title='bbox 709 3177 845 3264; x_wconf 89' lang='lat' dir='ltr'>ideoque</span> <span class='ocrx_word' id='word_1_219' title='bbox 869 3179 1020 3266; x_wconf 78' lang='lat' dir='ltr'>cognosci</span> <span class='ocrx_word' id='word_1_220' title='bbox 1043 3179 1157 3264; x_wconf 89' lang='lat' dir='ltr'>possit.</span> <span class='ocrx_word' id='word_1_221' title='bbox 1201 3175 1464 3266; x_wconf 78' lang='grc' dir='ltr'><em>παρασαόπησις,</em></span> <span class='ocrx_word' id='word_1_222' title='bbox 1562 3205 1563 3208; x_wconf 62' lang='grc'>’</span> 
     </span>
    </p>
   </div>
   <div class='ocr_carea' id='block_1_12' title="bbox 291 3281 1563 3689">
    <p class='ocr_par' dir='ltr' id='par_1_13' title="bbox 291 3281 1563 3689">
     <span class='ocr_line' id='line_1_27' title="bbox 291 3281 1463 3373; baseline 0.002 -23"><span class='ocrx_word' id='word_1_223' title='bbox 291 3284 400 3369; x_wconf 90' lang='lat' dir='ltr'>inquit</span> <span class='ocrx_word' id='word_1_224' title='bbox 423 3307 474 3371; x_wconf 91' lang='lat' dir='ltr'>ap.</span> <span class='ocrx_word' id='word_1_225' title='bbox 488 3283 594 3351; x_wconf 85' lang='lat' dir='ltr'>Walz.</span> <span class='ocrx_word' id='word_1_226' title='bbox 613 3282 695 3349; x_wconf 92' lang='lat' dir='ltr'><strong>VIII</strong></span> <span class='ocrx_word' id='word_1_227' title='bbox 713 3307 744 3368; x_wconf 92' lang='lat' dir='ltr'>p.</span> <span class='ocrx_word' id='word_1_228' title='bbox 764 3285 844 3370; x_wconf 72' lang='lat'>747,</span> <span class='ocrx_word' id='word_1_229' title='bbox 864 3283 981 3373; x_wconf 82' lang='lat' dir='ltr'>Speng.</span> <span class='ocrx_word' id='word_1_230' title='bbox 1000 3285 1050 3352; x_wconf 94' lang='lat' dir='ltr'>III</span> <span class='ocrx_word' id='word_1_231' title='bbox 1069 3310 1100 3371; x_wconf 92' lang='lat' dir='ltr'>p.</span> <span class='ocrx_word' id='word_1_232' title='bbox 1121 3285 1199 3371; x_wconf 86' lang='lat'><strong>199,</strong></span> <span class='ocrx_word' id='word_1_233' title='bbox 1217 3282 1286 3350; x_wconf 77' lang='grc' dir='ltr'><em>ἐστὶ</em></span> <span class='ocrx_word' id='word_1_234' title='bbox 1304 3281 1405 3369; x_wconf 80' lang='grc' dir='ltr'><strong><em>λόγος</em></strong></span> <span class='ocrx_word' id='word_1_235' title='bbox 1424 3285 1463 3352; x_wconf 79' lang='grc' dir='ltr'>ἐν</span> 
     </span>
     <span class='ocr_line' id='line_1_28' title="bbox 292 3379 1563 3480; baseline 0.001 -25"><span class='ocrx_word' id='word_1_236' title='bbox 292 3379 318 3480; x_wconf 75' lang='lat' dir='ltr'>pi</span> <span class='ocrx_word' id='word_1_237' title='bbox 343 3385 638 3476; x_wconf 53' lang='lat' dir='ltr'>drio‘ipsitdvrav</span> <span class='ocrx_word' id='word_1_238' title='bbox 666 3386 869 3476; x_wconf 79' lang='grc' dir='ltr'><em>πραγμάτων</em></span> <span class='ocrx_word' id='word_1_239' title='bbox 896 3387 978 3457; x_wconf 78' lang='grc' dir='ltr'><em>κατὰ</em></span> <span class='ocrx_word' id='word_1_240' title='bbox 1000 3388 1038 3458; x_wconf 83' lang='grc' dir='ltr'>τὸ</span> <span class='ocrx_word' id='word_1_241' title='bbox 1065 3392 1188 3476; x_wconf 75' lang='grc' dir='ltr'><em>πλῆρες</em></span> <span class='ocrx_word' id='word_1_242' title='bbox 1216 3390 1373 3476; x_wconf 76' lang='grc' dir='ltr'><em>λέγεσθαι</em></span> <span class='ocrx_word' id='word_1_243' title='bbox 1400 3393 1463 3458; x_wconf 87' lang='grc' dir='ltr'>τοῦ</span> <span class='ocrx_word' id='word_1_244' title='bbox 1562 3405 1563 3412; x_wconf 76' lang='grc'>’</span> 
     </span>
     <span class='ocr_line' id='line_1_29' title="bbox 291 3485 1563 3584; baseline 0 -20"><span class='ocrx_word' id='word_1_245' title='bbox 291 3493 353 3584; x_wconf 72' lang='grc' dir='ltr'>μὲν</span> <span class='ocrx_word' id='word_1_246' title='bbox 373 3493 449 3575; x_wconf 81' lang='grc' dir='ltr'>ἑνός</span> <span class='ocrx_word' id='word_1_247' title='bbox 472 3495 563 3564; x_wconf 74' lang='grc' dir='ltr'><strong><em>ἐστιν</em></strong></span> <span class='ocrx_word' id='word_1_248' title='bbox 586 3497 777 3581; x_wconf 78' lang='grc' dir='ltr'><em>ἐπαγγελία,</em></span> <span class='ocrx_word' id='word_1_249' title='bbox 800 3498 861 3563; x_wconf 83' lang='grc' dir='ltr'>τοῦ</span> <span class='ocrx_word' id='word_1_250' title='bbox 885 3492 1032 3583; x_wconf 67' lang='grc' dir='ltr'><strong>(Υὲτέρου</strong></span> <span class='ocrx_word' id='word_1_251' title='bbox 1050 3494 1301 3583; x_wconf 78' lang='grc' dir='ltr'><em>παρασιώπηαις</em></span> <span class='ocrx_word' id='word_1_252' title='bbox 1319 3493 1400 3564; x_wconf 80' lang='grc' dir='ltr'><em>κατὰ</em></span> <span class='ocrx_word' id='word_1_253' title='bbox 1423 3496 1463 3564; x_wconf 87' lang='grc' dir='ltr'>τὸ</span> <span class='ocrx_word' id='word_1_254' title='bbox 1562 3485 1563 3492; x_wconf 28' lang='lat'>¹</span> 
     </span>
     <span class='ocr_line' id='line_1_30' title="bbox 292 3599 664 3689; baseline 0.005 -19"><span class='ocrx_word' id='word_1_255' title='bbox 292 3599 462 3689; x_wconf 78' lang='grc' dir='ltr'><em>ἀνάλογον</em></span> <span class='ocrx_word' id='word_1_256' title='bbox 485 3601 664 3689; x_wconf 79' lang='grc' dir='ltr'><strong><em>νοουμένη.</em></strong></span> 
     </span>
    </p>
   </div>
   <div class='ocr_carea' id='block_1_13' title="bbox 292 3710 1563 4010">
    <p class='ocr_par' dir='ltr' id='par_1_14' title="bbox 292 3710 1563 4010">
     <span class='ocr_line' id='line_1_31' title="bbox 381 3710 1563 3796; baseline 0.001 -20"><span class='ocrx_word' id='word_1_257' title='bbox 381 3711 498 3776; x_wconf 87' lang='lat' dir='ltr'>Restat</span> <span class='ocrx_word' id='word_1_258' title='bbox 516 3711 602 3776; x_wconf 87' lang='lat' dir='ltr'>atde</span> <span class='ocrx_word' id='word_1_259' title='bbox 613 3710 860 3790; x_wconf 79' lang='lat' dir='ltr'>Quintiliano</span> <span class='ocrx_word' id='word_1_260' title='bbox 871 3710 1058 3778; x_wconf 85' lang='lat' dir='ltr'>iudicemus.</span> <span class='ocrx_word' id='word_1_261' title='bbox 1080 3711 1263 3796; x_wconf 77' lang='lat' dir='ltr'>Legitur-</span> <span class='ocrx_word' id='word_1_262' title='bbox 1277 3710 1464 3796; x_wconf 84' lang='lat' dir='ltr'>V1113‚83:</span> <span class='ocrx_word' id='word_1_263' title='bbox 1562 3741 1563 3748; x_wconf 23' lang='grc' dir='ltr'><em>α</em></span> 
     </span>
     <span class='ocr_line' id='line_1_32' title="bbox 292 3815 1563 3904; baseline 0 -21"><span class='ocrx_word' id='word_1_264' title='bbox 292 3817 394 3883; x_wconf 79' lang='lat' dir='ltr'>uicum</span> <span class='ocrx_word' id='word_1_265' title='bbox 410 3817 587 3900; x_wconf 68' lang='lat' dir='ltr'>praedictae</span> <span class='ocrx_word' id='word_1_266' title='bbox 606 3816 641 3903; x_wconf 86' lang='lat' dir='ltr'>(i.</span> <span class='ocrx_word' id='word_1_267' title='bbox 660 3839 686 3884; x_wconf 90' lang='lat' dir='ltr'>e.</span> <span class='ocrx_word' id='word_1_268' title='bbox 704 3815 881 3904; x_wconf 87' lang='lat' dir='ltr'>brevitati),</span> <span class='ocrx_word' id='word_1_269' title='bbox 907 3820 960 3883; x_wconf 85' lang='lat' dir='ltr'>sed</span> <span class='ocrx_word' id='word_1_270' title='bbox 977 3820 1111 3900; x_wconf 78' lang='lat' dir='ltr'>amplior</span> <span class='ocrx_word' id='word_1_271' title='bbox 1133 3819 1230 3884; x_wconf 88' lang='lat' dir='ltr'>virtus</span> <span class='ocrx_word' id='word_1_272' title='bbox 1247 3824 1291 3883; x_wconf 89' lang='lat' dir='ltr'>est</span> <span class='ocrx_word' id='word_1_273' title='bbox 1310 3820 1464 3902; x_wconf 79' lang='grc' dir='ltr'><em>ἔμφασις,</em></span> <span class='ocrx_word' id='word_1_274' title='bbox 1562 3815 1563 3820; x_wconf 70' lang='grc'>’</span> 
     </span>
     <span class='ocr_line' id='line_1_33' title="bbox 292 3923 1563 4010; baseline 0.002 -22"><span class='ocrx_word' id='word_1_275' title='bbox 292 3923 434 3989; x_wconf 84' lang='lat' dir='ltr'>altiorem</span> <span class='ocrx_word' id='word_1_276' title='bbox 450 3923 600 4006; x_wconf 82' lang='lat' dir='ltr'>praebens</span> <span class='ocrx_word' id='word_1_277' title='bbox 622 3924 818 4003; x_wconf 72' lang='lat' dir='ltr'>iuutteetum,</span> <span class='ocrx_word' id='word_1_278' title='bbox 844 3944 938 4006; x_wconf 78' lang='lat' dir='ltr'>quam</span> <span class='ocrx_word' id='word_1_279' title='bbox 962 3943 1050 4006; x_wconf 77' lang='lat' dir='ltr'>quem</span> <span class='ocrx_word' id='word_1_280' title='bbox 1072 3925 1162 3990; x_wconf 79' lang='lat' dir='ltr'>eaba</span> <span class='ocrx_word' id='word_1_281' title='bbox 1178 3945 1237 4010; x_wconf 87' lang='lat' dir='ltr'>per</span> <span class='ocrx_word' id='word_1_282' title='bbox 1265 3945 1297 3990; x_wconf 87' lang='lat' dir='ltr'>se</span> <span class='ocrx_word' id='word_1_283' title='bbox 1322 3926 1392 4008; x_wconf 89' lang='lat' dir='ltr'>ipsa</span> <span class='ocrx_word' id='word_1_284' title='bbox 1414 3926 1464 3990; x_wconf 87' lang='lat' dir='ltr'>de·</span> <span class='ocrx_word' id='word_1_285' title='bbox 1562 3963 1563 3972; x_wconf 63' lang='lat'>.</span> 
     </span>
    </p>
   </div>
   <div class='ocr_carea' id='block_1_14' title="bbox 207 4029 1466 4546">
    <p class='ocr_par' dir='ltr' id='par_1_15' title="bbox 207 4029 1466 4546">
     <span class='ocr_line' id='line_1_34' title="bbox 292 4029 1466 4115; baseline 0 -19"><span class='ocrx_word' id='word_1_286' title='bbox 292 4031 424 4096; x_wconf 83' lang='lat' dir='ltr'>clareat.</span> <span class='ocrx_word' id='word_1_287' title='bbox 467 4029 550 4095; x_wconf 85' lang='lat' dir='ltr'>Eius</span> <span class='ocrx_word' id='word_1_288' title='bbox 577 4031 657 4096; x_wconf 83' lang='lat' dir='ltr'>duae</span> <span class='ocrx_word' id='word_1_289' title='bbox 684 4035 758 4096; x_wconf 90' lang='lat' dir='ltr'>suut</span> <span class='ocrx_word' id='word_1_290' title='bbox 788 4031 919 4114; x_wconf 86' lang='lat' dir='ltr'>species:</span> <span class='ocrx_word' id='word_1_291' title='bbox 953 4031 1074 4095; x_wconf 87' lang='lat' dir='ltr'>altera</span> <span class='ocrx_word' id='word_1_292' title='bbox 1108 4052 1186 4112; x_wconf 80' lang='lat' dir='ltr'>puae</span> <span class='ocrx_word' id='word_1_293' title='bbox 1210 4031 1285 4115; x_wconf 86' lang='lat' dir='ltr'>plus</span> <span class='ocrx_word' id='word_1_294' title='bbox 1311 4031 1466 4114; x_wconf 76' lang='lat' dir='ltr'>supuifiart</span> 
     </span>
     <span class='ocr_line' id='line_1_35' title="bbox 293 4136 1466 4222; baseline 0 -20"><span class='ocrx_word' id='word_1_295' title='bbox 293 4156 388 4219; x_wconf 80' lang='lat' dir='ltr'>quam</span> <span class='ocrx_word' id='word_1_296' title='bbox 415 4136 504 4214; x_wconf 88' lang='lat' dir='ltr'>dieit;</span> <span class='ocrx_word' id='word_1_297' title='bbox 536 4137 659 4202; x_wconf 85' lang='lat' dir='ltr'>attera</span> <span class='ocrx_word' id='word_1_298' title='bbox 685 4158 762 4219; x_wconf 81' lang='lat' dir='ltr'>puae</span> <span class='ocrx_word' id='word_1_299' title='bbox 788 4138 882 4202; x_wconf 78' lang='lat' dir='ltr'>ettam</span> <span class='ocrx_word' id='word_1_300' title='bbox 904 4138 950 4222; x_wconf 85' lang='lat' dir='ltr'>id,</span> <span class='ocrx_word' id='word_1_301' title='bbox 979 4140 1149 4219; x_wconf 79' lang='lat' dir='ltr'>quoduam</span> <span class='ocrx_word' id='word_1_302' title='bbox 1179 4139 1260 4204; x_wconf 79' lang='lat' dir='ltr'>dicit.</span> <span class='ocrx_word' id='word_1_303' title='bbox 1287 4137 1466 4210; x_wconf 70' lang='lat' dir='ltr'>¹Extrema</span> 
     </span>
     <span class='ocr_line' id='line_1_36' title="bbox 207 4242 1465 4328; baseline 0.002 -20"><span class='ocrx_word' id='word_1_304' title='bbox 207 4273 212 4280; x_wconf 96' lang='lat'><strong>·</strong></span> <span class='ocrx_word' id='word_1_305' title='bbox 293 4243 375 4308; x_wconf 90' lang='lat' dir='ltr'>haec</span> <span class='ocrx_word' id='word_1_306' title='bbox 397 4244 495 4310; x_wconf 89' lang='lat' dir='ltr'>verba</span> <span class='ocrx_word' id='word_1_307' title='bbox 522 4243 557 4308; x_wconf 92' lang='lat' dir='ltr'>in</span> <span class='ocrx_word' id='word_1_308' title='bbox 579 4242 662 4324; x_wconf 62' lang='lat'>§85</span> <span class='ocrx_word' id='word_1_309' title='bbox 689 4243 751 4309; x_wconf 90' lang='lat' dir='ltr'>hac</span> <span class='ocrx_word' id='word_1_310' title='bbox 776 4243 903 4310; x_wconf 85' lang='lat' dir='ltr'>ratione</span> <span class='ocrx_word' id='word_1_311' title='bbox 930 4244 1145 4328; x_wconf 83' lang='lat' dir='ltr'>explicantur:</span> <span class='ocrx_word' id='word_1_312' title='bbox 1172 4265 1297 4325; x_wconf 80' lang='lat' dir='ltr'>sequens</span> <span class='ocrx_word' id='word_1_313' title='bbox 1324 4245 1465 4328; x_wconf 85' lang='lat' dir='ltr'>(species)</span> 
     </span>
     <span class='ocr_line' id='line_1_37' title="bbox 287 4349 1465 4436; baseline 0.003 -24"><span class='ocrx_word' id='word_1_314' title='bbox 287 4349 394 4434; x_wconf 85' lang='lat' dir='ltr'>posita</span> <span class='ocrx_word' id='word_1_315' title='bbox 415 4353 459 4414; x_wconf 83' lang='lat' dir='ltr'>est</span> <span class='ocrx_word' id='word_1_316' title='bbox 479 4350 514 4414; x_wconf 90' lang='lat' dir='ltr'>iu</span> <span class='ocrx_word' id='word_1_317' title='bbox 536 4369 604 4416; x_wconf 84' lang='lat' dir='ltr'>uoce</span> <span class='ocrx_word' id='word_1_318' title='bbox 625 4355 682 4414; x_wconf 88' lang='lat' dir='ltr'>aut</span> <span class='ocrx_word' id='word_1_319' title='bbox 702 4351 826 4415; x_wconf 89' lang='lat' dir='ltr'>omuiuo</span> <span class='ocrx_word' id='word_1_320' title='bbox 848 4371 1011 4436; x_wconf 88' lang='lat' dir='ltr'>suppressa</span> <span class='ocrx_word' id='word_1_321' title='bbox 1033 4351 1203 4416; x_wconf 89' lang='lat' dir='ltr'>autetiam</span> <span class='ocrx_word' id='word_1_322' title='bbox 1224 4351 1352 4418; x_wconf 81' lang='lat' dir='ltr'>abscisa.</span> <span class='ocrx_word' id='word_1_323' title='bbox 1384 4350 1465 4435; x_wconf 70' lang='lat' dir='ltr'>Scep</span> 
     </span>
     <span class='ocr_line' id='line_1_38' title="bbox 291 4453 1466 4546; baseline 0.002 -28"><span class='ocrx_word' id='word_1_324' title='bbox 291 4455 441 4538; x_wconf 77' lang='lat' dir='ltr'>primitur</span> <span class='ocrx_word' id='word_1_325' title='bbox 466 4476 524 4521; x_wconf 85' lang='lat' dir='ltr'>aaa</span> <span class='ocrx_word' id='word_1_326' title='bbox 550 4461 586 4522; x_wconf 90' lang='lat' dir='ltr'>ut</span> <span class='ocrx_word' id='word_1_327' title='bbox 613 4455 685 4536; x_wconf 74' lang='lat' dir='ltr'>tecit</span> <span class='ocrx_word' id='word_1_328' title='bbox 705 4478 767 4540; x_wconf 89' lang='lat' dir='ltr'>pro</span> <span class='ocrx_word' id='word_1_329' title='bbox 789 4457 919 4538; x_wconf 82' lang='lat' dir='ltr'>Lipario</span> <span class='ocrx_word' id='word_1_330' title='bbox 948 4455 1051 4522; x_wconf 86' lang='lat' dir='ltr'>Cicero</span> <span class='ocrx_word' id='word_1_331' title='bbox 1078 4456 1120 4546; x_wconf 90' lang='lat' dir='ltr'>(c.</span> <span class='ocrx_word' id='word_1_332' title='bbox 1138 4458 1173 4544; x_wconf 75' lang='grc' dir='ltr'>ὃ,</span> <span class='ocrx_word' id='word_1_333' title='bbox 1194 4453 1248 4544; x_wconf 81' lang='lat'>15)</span> <span class='ocrx_word' id='word_1_334' title='bbox 1271 4457 1403 4543; x_wconf 81' lang='lat' dir='ltr'>„quodsi</span> <span class='ocrx_word' id='word_1_335' title='bbox 1430 4458 1466 4520; x_wconf 88' lang='lat' dir='ltr'>iu</span> 
     </span>
    </p>
   </div>
   <div class='ocr_carea' id='block_1_15' title="bbox 0 0 1588 5222">
    <p class='ocr_par' dir='ltr' id='par_1_16' title="bbox 0 0 1588 5222">
     <span class='ocr_line' id='line_1_39' title="bbox 0 0 1588 5222; baseline 0 0"><span class='ocrx_word' id='word_1_336' title='bbox 0 0 1588 5222; x_wconf 95' lang='lat' dir='ltr'> </span> 
     </span>
    </p>
   </div>
  </div>
 </body>
</html>
