3152 5222
23 979 25 1050 l

23 1153 25 1254 ,

548 502 766 566 ..33-

99 660 243 724 terminum
267 660 308 724 ad
333 661 598 744 synecdochicam
621 662 714 726 illam
736 662 907 727 brevitatis
931 664 1071 748 speciem
1097 665 1241 731 rettulis-

99 771 167 851 sent,
187 789 278 852 quam
301 767 360 852 iis,
383 767 439 852 qui
462 790 530 833 rem
559 789 596 832 eo
627 768 845 853 significatam
875 769 966 835 vitiis
997 771 1154 837 orationis
1185 772 1240 837 ad-

98 872 271 958 signassent3
291 896 375 958 quae
393 896 466 939 cum
485 873 533 939 ita
552 875 619 940 sint
632 897 744 940 vocem
762 875 860 940 hanc
877 899 981 962 neque
1000 878 1041 942 ad
1055 879 1155 944 verba
1173 899 1242 944 cum

97 979 122 1042 id
134 981 163 1044 io
178 987 313 1046 contestu
340 983 489 1046 samonis
517 981 599 1062 qood
625 987 740 1047 tacetur
761 983 929 1065 accipimus
956 1007 1061 1069 neque
1089 985 1130 1051 ad
1158 985 1241 1051 illud

95 1087 194 1150 cubum
215 1105 251 1152 eo
272 1086 371 1154 cabis
393 1088 471 1154 sotis
494 1086 639 1171 intellegi,
663 1089 719 1154 sed
742 1090 783 1154 ad
806 1089 911 1173 ipsam
934 1112 1046 1157 vocem
1069 1092 1241 1179 ellipsis,

95 1191 120 1254 id
147 1195 225 1277 quod
258 1195 357 1280 longe
391 1196 575 1278 proximum
610 1199 676 1279 est,
710 1195 888 1261 referimus,
939 1196 1107 1263 Habemus
1139 1199 1242 1284 igitur

95 1300 162 1382 apud
179 1300 414 1377 Quintilianum
432 1302 524 1367 illam
543 1301 695 1386 ellipseos
715 1302 949 1388 definitionem,
969 1327 1033 1388 qua
1050 1327 1114 1370 non
1134 1306 1240 1370 solum

93 1410 189 1472 natura
211 1408 292 1493 eius,
321 1408 377 1474 sed
406 1409 505 1473 etiam
528 1408 622 1494 quasi
645 1408 788 1473 ambitus
812 1408 1094 1497 circumscribitur,
1117 1412 1241 1478 scilicet
1340 1447 1343 1454 ·

94 1532 161 1597 eam,
186 1537 250 1598 qua
277 1516 429 1580 docemur
452 1514 604 1600 ellipseos
633 1537 690 1599 pro
719 1514 936 1600 synecdoches
959 1517 1085 1583 ratione
1108 1518 1142 1583 id
1169 1541 1240 1584 esse

92 1621 251 1707 proprium,
280 1626 318 1686 ut
347 1622 429 1687 nihil
462 1622 647 1706 omittatur,
681 1621 745 1686 nisi
779 1623 865 1707 quod
898 1622 1039 1688 latenter
1072 1624 1240 1690 indicetur.

93 1722 173 1791 Cuius
190 1728 237 1792 rei
256 1729 350 1814 quasi
365 1729 507 1811 vestigia
527 1729 645 1793 leniter
662 1749 774 1813 pressa
793 1750 891 1813 supra
909 1729 975 1793 iarn
994 1729 1134 1796 vidimus
1154 1732 1241 1816 apud

91 1829 225 1915 Aquilam
247 1835 431 1901 Romanum
460 1833 513 1922 (cf.
532 1859 562 1920 p,
583 1833 653 1921 29),
675 1856 780 1918 neque
808 1835 949 1900 alienum
976 1841 1039 1921 est,
1061 1836 1239 1903 Phoebam·

23 1925 25 2046 Ι
91 1939 177 2003 nonis
194 1942 293 2007 verba
312 1964 394 2027 quae
414 1943 566 2029 leguntur
585 1964 634 2027 ap.
650 1941 751 2005 Welz.
773 1940 854 2006 VlII
873 1965 903 2026 p.
921 1943 1001 2029 498,
1021 1942 1171 2029 Spengel.
1189 1944 1238 2011 III

90 2065 113 2125 p.
127 2046 177 2131 46,
200 2048 218 2111 ‘l
242 2048 306 2112 huc
324 2048 458 2114 referre:
477 2050 621 2125 ἔλλειψις
640 2046 680 2112 δέ
696 2044 980 2130 inresuscitatum
1002 2049 1119 2128 λέξεως
1140 2075 1239 2117 νοου-

90 2147 172 2234 μένης
189 2153 225 2218 ἐκ
242 2155 301 2238 τῆς
320 2150 558 2239 supportarem,
582 2147 626 2230 ὡς
648 2153 705 2218 ἵνα
725 2156 868 2238 εἴπωμεν
891 2149 1014 2240 ,αὐτὸς
1033 2153 1161 2241 Κύριος
1178 2158 1239 2223 τοῦ

89 2253 274 2343 πράγματος,
303 2255 403 2337 αὐτὸς
431 2254 448 2326 ὁ
473 2264 603 2326 astaco
631 2256 709 2336 τοὺς
731 2255 869 2343 ἄλλους,
893 2256 993 2339 αὐτὸς
1016 2257 1033 2328 ὁ
1053 2260 1238 2331 mirumst·

89 2365 323 2447 παραλέλειπται
347 2363 411 2452 γὰρ
435 2366 471 2432 ἐν
494 2363 625 2443 τούτοις
647 2362 684 2432 τὸ
708 2366 826 2453 „ierit

160 2471 263 2548 Quare
293 2474 384 2539 vides
409 2497 428 2539 a
458 2473 621 2540 veteribus
652 2474 730 2539 tria
760 2474 952 2561 ellipseos
990 2495 1132 2560 genera
1168 2499 1238 2543 esse

89 2572 236 2665 distincta,
261 2585 337 2646 sunt
360 2585 485 2646 autem:

161 2687 187 2750 1.
211 2687 371 2772 ellipsis
401 2688 473 2752 illa
503 2687 548 2752 ad
577 2709 711 2753 vocum
739 2687 884 2753 formas
914 2689 1130 2775 pertinene,
1165 2713 1240 2774 qua

87 2786 332 2874 significatur
372 2794 549 2861 defectus
591 2794 770 2878 syllabae
814 2795 874 2859 vel
922 2796 1033 2860 unius
1079 2796 1239 2862 litterae

87 2897 181 2963 unius
218 2901 326 2966 vocis
362 2900 561 2986 proprius:
599 2901 750 2985 species
787 2905 850 2965 est
886 2901 1137 2988 barbarismi,
1174 2905 1239 2988 qui

23 3053 25 3072 ‚
87 2998 228 3094 dicitur,
249 3008 271 3073 i.
295 3029 321 3072 e.
344 3007 493 3072 vitium.

159 3115 188 3179 2.
213 3114 371 3198 ellipsis
395 3114 466 3178 illa
489 3137 508 3179 a
531 3114 808 3200 grammaticis
832 3114 1134 3202 rhetoribusque
1158 3121 1239 3183 tro·

23 3219 24 3308 q
85 3243 142 3303 pos
182 3220 460 3309 grammaticos
500 3221 771 3286 tractantibus
810 3221 1124 3309 circumscripta,
1165 3247 1240 3308 qua

23 3321 25 3412 l
85 3329 314 3411 syntecticus
338 3331 375 3392 et
399 3350 418 3391 a
441 3327 550 3391 iusto
574 3326 727 3392 dicendi
754 3350 824 3392 usu
856 3331 1030 3394 remotus
1059 3329 1239 3395 defectus

84 3435 418 3520 praepositionum
464 3433 739 3499 adverbiorum
784 3435 980 3500 nominum
1031 3437 1239 3501 verborum

83 3533 424 3628 comprehenditur:
455 3541 608 3625 species
639 3545 699 3606 est
722 3541 959 3626 soloecismi,
988 3542 1009 3606 i.
1040 3564 1065 3606 e.
1088 3541 1239 3606 vitium.

158 3649 188 3714 3.
211 3647 368 3731 ellipsis
391 3647 462 3710 illa
486 3646 702 3733 rhetorica,
733 3670 807 3732 qua
834 3647 872 3711 id
901 3647 1239 3732 breviloquentiae

82 3772 190 3836 genus
213 3753 382 3838 amplexi
410 3757 513 3839 sunt,
541 3776 613 3838 quo
641 3753 827 3819 notiones
851 3754 1031 3839 singulae
1054 3754 1239 3840 pluresve

81 3880 142 3926 non
160 3859 447 3926 subtrahuntur
464 3859 542 3924 nisi
561 3859 660 3925 satis
680 3861 827 3945 reliqui
846 3859 1034 3926 sermonis
1054 3864 1239 3926 contextu

80 3965 305 4050 indicantum
329 3966 478 4050 species
498 3972 559 4031 est
583 3967 861 4052 synecdoches,
881 3990 976 4052 quae
1000 3967 1239 4033 anonnullis

80 4070 173 4138 inter
198 4073 296 4139 vitia
321 4073 529 4158 orationiS,
553 4096 573 4137 a
596 4072 845 4149 Quintiliano
868 4074 971 4140 inter
993 4073 1149 4158 figuras
1171 4073 1238 4137 ha-

78 4177 243 4246 bebatur.

156 4286 263 4353 Paene
291 4286 433 4372 ineptius
466 4309 564 4371 quam
591 4286 738 4372 plerique
769 4290 914 4352 veterum
949 4285 1157 4373 grammatici
1189 4309 1238 4352 re·

78 4394 228 4459 centiores
256 4395 296 4458 de
325 4392 434 4478 ellipsi
460 4392 652 4458 iudicarunt.
697 4391 780 4458 Prae
808 4393 922 4459 ceteris
950 4393 1153 4458 denotandus
1189 4400 1240 4459 est

78 4493 268 4585 Sanctius,
298 4500 389 4564 cuius
416 4505 591 4585 praecepta
622 4501 868 4584 perversissima
896 4521 999 4583 usque
1027 4499 1061 4563 in
1091 4505 1239 4566 nostruin

122 4621 236 4676 clerum,
250 4623 277 4662 de
292 4623 477 4672 breviloquentia
491 4624 591 4662 Tacitea.
1010 4610 1025 4657 3
