3152 5222
538 502 759 566 ..29-

166 661 276 728 Germ.
298 664 342 729 de
365 663 477 748 figur.
501 685 530 727 v.
552 661 739 727 175-177
760 683 809 746 ap.
829 660 937 726 Halm.
956 685 987 747 p.
1007 661 1063 725 70:

96 773 227 847 ἔλλειψις·
239 770 320 854 „Fe
340 771 463 850 desectio
486 787 555 832 οααι
577 768 709 846 verbam,
732 769 814 848 qaod
833 767 977 832 αιίιόναλιο
994 765 1119 850 yram,

238 877 359 961 „Desit
380 877 504 961 „Curat
525 877 608 938 enim
630 895 717 939 αειαο
739 895 793 939 aee
815 875 942 957 corripit
962 874 1043 940 λααο
1064 891 1130 938 rem
1139 869 1165 956 “‚

238 983 322 1067 „Sed
334 978 469 1065 οαλμολ.“
493 981 610 1064 Quippe
623 980 672 1045 laio
682 978 893 1065 ‚‚qaisqeam“
901 978 1104 1046 εαόλιανίιαιί
1116 976 1236 1062 μνολε.α

25 1071 26 1076 ¹
93 1089 122 1154 ol.
132 1096 286 1174 praeterea
306 1091 416 1154 ineert.
432 1093 551 1153 auctor.
567 1087 606 1152 de
625 1087 778 1153 schemat.
794 1087 946 1152 dianoeas
966 1109 1017 1170 ap.
1031 1085 1131 1150 Halm
1147 1109 1177 1170 p.
1185 1085 1235 1150 75.

162 1195 313 1262 Similiter
339 1196 491 1280 ellipseos
523 1195 590 1259 vim
621 1194 779 1281 neglectis
813 1194 946 1278 linguae
977 1191 1120 1278 legibus,
1153 1214 1235 1276 quae

91 1302 233 1368 hominum
247 1303 474 1387 intellegentia
487 1323 524 1366 aa
542 1301 773 1366 consuetudine
792 1301 840 1366 ita
858 1299 1175 1383 circumscribuntur,
1198 1302 1236 1363 ut

24 1439 26 1500 ρ
91 1408 159 1473 absit
177 1431 325 1494 perversa
348 1409 486 1473 elooutio
511 1408 685 1492 ineptaque
708 1406 899 1492 obscuritas,
922 1407 1020 1472 aeteri
1038 1405 1104 1470 fere
1123 1427 1235 1470 omnes

91 1521 211 1581 veterum
236 1518 385 1581 rhetores
415 1514 586 1598 definiunt,
615 1514 679 1578 nisi
708 1514 794 1578 forte
833 1514 918 1598 quod
947 1513 1003 1578 vix
1033 1512 1234 1578 laudaverim

24 1625 25 1718 l
90 1623 175 1686 verbis
196 1623 272 1707 illis,
295 1643 378 1707 quae
402 1621 513 1686 addita
536 1625 612 1686 sunt
635 1621 676 1685 ab
701 1620 821 1704 Aquila
842 1619 1004 1685 Romano:
1027 1620 1102 1698 qaia
1120 1619 1234 1684 intelle-

24 1749 25 1758 *
87 1729 203 1813 petatur,
228 1731 265 1793 id
285 1731 452 1793 detractam
479 1734 536 1813 est,
566 1726 743 1812 significari
774 1726 886 1791 iubeas
923 1726 1055 1811 ellipsin
1088 1726 1160 1791 sola
1197 1746 1235 1790 ea

88 1836 250 1901 condicione
279 1836 349 1901 fieri
377 1856 486 1920 posse,
519 1835 546 1898 si
578 1835 612 1899 id
640 1834 726 1919 quod
755 1832 949 1898 detrahatur
979 1833 1095 1899 ceteris
1128 1832 1234 1897 verbis

88 1941 150 2005 satis
170 1942 328 2007 iudicetur
351 1941 612 2028 intellegendum.

23 2057 25 2162 ρ
157 2048 334 2114 Tiberius
359 2071 408 2133 ap.
427 2047 530 2112 Walz.
549 2072 580 2132 p.
599 2047 674 2131 570,
698 2045 846 2132 Spengel.
869 2047 920 2112 ΙΙΙ
940 2070 969 2131 p.
991 2048 1042 2132 78,
1061 2048 1117 2111 32:

23 2163 24 2184 ³
147 2150 314 2234 Ἐλλειψις
338 2153 377 2220 όέ
406 2154 495 2220 ἐστιν
525 2147 650 2219 ότανό
680 2151 786 2236 λε’γεον
813 2152 944 2238 ἐλλείπῃ
971 2150 1060 2230 λέξιν
1090 2148 1134 2236 ἣν
1159 2146 1232 2233 παρ’

86 2254 169 2325 αὑτοῦ
203 2263 273 2327 ἔδει
307 2267 504 2343 προςθεϊναι
540 2261 586 2350 τῷ
623 2255 785 2343 νοήματι,
823 2251 899 2350 οἷον
939 2257 1076 2345 ,θέαμα
1116 2253 1257 2323 δεινόν’,

85 2364 126 2430 καὶ
151 2365 335 2434 ἐλεεινόν“·
365 2368 506 2433 ἐλλείπει
538 2361 662 2451 γὰρτὸ
686 2364 813 2452 „laert
859 2361 990 2430 κάκεῖνο
1015 2362 1053 2430 δὲ
1076 2365 1234 2442 ἔλλειψις·

85 2476 218 2558 ,πρῶτον
242 2471 315 2561 μὲν,
338 2464 565 2558 enervare,
586 2484 657 2550 τοῖς
678 2479 773 2549 θεοῖς
798 2467 935 2556 εὔχομαι
969 2473 1049 2536 πᾶσι
1087 2468 1142 2534 καὶ
1174 2466 1234 2536 πά-

85 2579 177 2657 σοιςίι·
220 2583 365 2648 ἐλλείπει
395 2576 458 2664 γὰρ
495 2591 591 2666 ,ταῖς
622 2577 751 2656 &sacch
792 2577 847 2644 καὶ
873 2575 993 2644 πάλιν’
1032 2573 1163 2664 ,ὥσπερ
1192 2572 1234 2642 ἀν

84 2709 121 2761 τις
147 2684 255 2771 ἰατρὸς
292 2683 478 2752 ἀσθενοῦσι
513 2683 574 2771 μὲν
607 2698 678 2764 τοῖς
705 2683 895 2770 κάμνονσιν
925 2680 1040 2750 εἰσιὼν
1069 2680 1113 2769 μὴ
1144 2683 1235 2768 λόγοι

83 2789 149 2872 μηδὲ
176 2790 328 2859 δεικνύοι
356 2790 396 2859 δι’
423 2782 471 2858 τόν
495 2788 742 2877 ἀποφεύξονται
775 2787 837 2876 τὴν
871 2788 995 2875 νόσον,
1025 2788 1161 2858 ἐπειδὰν
1198 2788 1236 2856 ol

83 2898 272 2985 τελευτήσειέ
298 2923 347 2977 τις
378 2893 490 2965 αὐτῶν
519 2896 575 2963 καὶ
604 2894 644 2963 τά
667 2895 869 2984 νομιζόμενα
899 2897 945 2964 ἐπ’
974 2893 1064 2986 αὐτῷ
1088 2897 1236 2985 φέροιτο,

22 3023 23 3098 ρ
82 2998 265 3072 ἀκολουθῶν
289 3003 341 3072 ἐπὶ
364 3001 401 3071 τὸ
426 3007 539 3090 μνῆμα
564 3004 695 3088 διεξίοι,
724 3001 812 3071 εἰτὸ
841 3002 897 3070 καλ
926 3000 963 3070 τὸ
992 3003 1147 3087 ἐποίησεν
1177 2999 1235 3070 ἀν-

22 3101 23 3156 Ῐ
81 3116 214 3196 θρωπος,
241 3108 302 3180 οὐκ
320 3106 363 3178 ἀν
387 3108 566 3178 ἀπέθανεν.
604 3110 815 3196 ἐμβρόντητε,
839 3107 907 3178 εἶτα
931 3112 995 3178 νόν
1014 3109 1157 3196 raperch
1180 3108 1235 3176 καὶ

79 3214 163 3284 πόλιν
191 3215 313 3306 ,εἷπον
341 3213 535 3302 τοίνυνῶς
562 3215 623 3302 μὲν
646 3213 865 3303 ὑπαρχόντων
896 3221 1054 3302 Θηβαίων
1081 3220 1234 3306 Φιλίππῳ

22 3401 24 3422 ,
79 3325 140 3389 λίαν
157 3322 427 3410 θορυβουμένων
436 3323 465 3358 “·
489 3324 628 3391 ἐλλείπει
651 3320 771 3408 γὰρτὸ
791 3329 925 3412 ,φίλων
943 3323 998 3391 καὶ
1018 3320 1201 3410 συμμάχων
1209 3323 1235 3392 “.

22 3425 23 3512 l
79 3425 228 3520 (exempla
258 3436 390 3518 sumpta
426 3436 503 3497 sunt
535 3455 551 3496 e
584 3431 795 3498 Demosthen.
829 3438 911 3499 orat.
949 3433 988 3498 de
1025 3432 1109 3498 falsa
1134 3431 1226 3516 legat

22 3519 24 3608 l
78 3559 101 3619 p.
116 3539 186 3627 361,
206 3541 248 3605 19
268 3539 316 3605 eu.
335 3539 385 3624 ιε,
409 3539 448 3604 ιε
471 3560 535 3604 001.
558 3539 638 3623 nir,
660 3561 691 3624 p.
710 3540 784 3624 307,
803 3540 855 3623 28,
872 3564 903 3625 p.
918 3539 992 3622 aee,
1012 3535 1055 3624 ε.)
1078 3574 1122 3583 -
1146 3537 1233 3603 Ano-

22 3611 24 3734 l
78 3647 151 3728 nymi
190 3647 315 3730 verbis,
351 3667 433 3731 quae
467 3646 619 3731 leguntur
652 3645 736 3730 apud
759 3644 863 3711 Walz.
878 3644 960 3711 VIII
984 3668 1014 3729 p.
1034 3643 1235 3730 663-666,

22 3747 23 3822 Ῐ
77 3745 213 3840 Spengel.
228 3752 278 3819 ΙΙΙ
296 3777 327 3838 p.
340 3753 402 3817 155
413 3753 526 3837 -157‚
546 3751 619 3817 ideo
634 3752 838 3836 aliquantum
853 3751 1061 3817 tribuendum
1077 3755 1137 3838 est,
1159 3752 1236 3837 quie

22 3841 24 3928 l
77 3855 217 3925 doeemur
260 3859 501 3943 Hermogenem
536 3858 667 3943 ellipsin
700 3858 867 3924 rettulisse
906 3858 948 3923 ad
987 3859 1234 3944 grammaticam

22 3973 23 3980 ’
76 3961 154 4030 illam
173 3966 399 4049 defectionem,
417 3987 515 4050 quam
533 3964 618 4029 inter
636 3969 748 4051 tropos
768 3964 999 4050 grammaticos
1018 3988 1038 4029 a
1051 3964 1236 4050 Tryphone,

22 4107 23 4118 .
76 4067 201 4158 Zonaeo,
220 4072 380 4156 Gregorio
400 4069 580 4156 Corinthio,
604 4071 744 4157 Georgio
764 4069 1000 4156 Choeroboseo,
1023 4071 1140 4155 quibus
1159 4070 1234 4135 addi

22 4247 23 4260 ρ
74 4180 172 4258 potest
186 4179 287 4245 etiam
303 4176 500 4244 Oooondrios
515 4177 734 4263 ap.Walz.III
749 4201 780 4262 p.
796 4179 870 4263 796,
889 4176 1038 4263 Spengel.
1049 4177 1100 4242 IlI
1115 4200 1145 4261 p.
1160 4176 1235 4263 242,

22 4289 24 4320 λ
74 4280 210 4352 habitam
234 4307 306 4352 esse
337 4307 435 4370 supra
465 4284 531 4350 iam
563 4284 712 4350 vidimus.
763 4282 969 4350 Oooondrii
1009 4281 1108 4348 verba
1144 4287 1235 4348 sunt:

22 4455 23 4480 ,
74 4391 207 4472 ἔλλειψίς
230 4392 300 4458 ἐστι
323 4387 446 4477 φράσις
475 4389 567 4475 μέρει
597 4386 701 4473 λόγον
726 4387 792 4455 τινὶ
817 4389 1012 4455 ἐλλείπουσα
1040 4384 1235 4474 (sequuntur

22 4499 23 4508 ²
74 4499 219 4586 exempla,
244 4498 362 4584 quibus
386 4496 528 4563 defectus
551 4497 832 4582 praepositionum
853 4492 1034 4583 probatur).
1071 4495 1123 4560 Ex
1146 4518 1235 4562 eno·
