3158 5226
724 510 768 520 -
816 473 877 538 156
925 509 965 518 -

1377 588 1431 628 aaa·

580 629 752 702 cogitatione
776 632 819 685 est
841 629 1024 700 repetendum
1047 630 1096 683 ant
1117 646 1220 683 novum
1239 629 1356 683 verbnm
1469 691 1474 698 ,

580 738 614 776 ex
632 737 666 775 co
685 719 885 791 supplendum,
909 719 983 773 nndc
1002 716 1092 773 oratio
1111 717 1226 788 obliqua
1244 717 1356 790 propris

579 812 695 880 regatur
729 848 1355 866 ...............
1394 814 1427 863 67

528 917 559 971 B.
579 919 628 973 aut
650 916 756 988 pendet
774 933 808 971 cx
825 916 912 971 verbo
930 913 1129 985 praedicativo,
1143 914 1281 970 enuntiati
1299 913 1356 985 pri·

579 1003 672 1072 marii,
687 1006 720 1059 ut
733 1004 792 1059 cius
807 1002 949 1059 sententia
960 1004 1011 1057 fiat
1025 1003 1167 1072 absoluta,
1183 1003 1358 1058 enuntiatdm

580 1093 786 1161 secundarium
815 1093 880 1148 dein
909 1094 1034 1163 sequitur
1061 1092 1242 1174 cpeaegetice
1267 1092 1357 1146 oratio

580 1181 696 1251 obliqua
714 1183 749 1237 ab
766 1181 927 1237 accusativo
941 1199 964 1238 c.
980 1181 1028 1237 inf.
1043 1181 1194 1252 incipiens,
1214 1197 1285 1251 quac
1300 1198 1357 1235 om-

579 1269 646 1325 nino
659 1287 716 1325 non
729 1271 836 1342 pendet
849 1287 882 1325 cx
895 1270 982 1325 verbo
997 1268 1136 1326 enuntiati
1149 1269 1287 1340 primarii,
1308 1271 1358 1324 sed
1376 1313 1380 1318 .

581 1376 614 1414 cx
632 1359 719 1413 verbo
738 1360 907 1429 supplendo,
928 1374 982 1428 quo
1001 1357 1142 1414 indicetur
1160 1358 1206 1428 agi
1225 1359 1260 1413 de
1280 1357 1357 1428 cogi·

579 1447 734 1502 tationibus
751 1464 887 1519 personae
906 1447 1016 1518 agentis
1041 1488 1357 1504 ........
1396 1453 1430 1502 69

616 1536 810 1592 Praemittitur
824 1537 951 1607 quaestio
967 1538 1002 1592 de
1013 1535 1137 1592 oratione
1149 1536 1270 1606 obliqua,
1286 1553 1358 1606 quac

650 1624 794 1680 inducitur
806 1624 953 1697 particulis
972 1625 1131 1680 causalibus
1149 1642 1236 1694 nam,
1256 1625 1357 1693 enim,

652 1714 793 1785 quippe;
818 1755 1357 1771 .............
1395 1721 1432 1770 69

615 1804 661 1858 vel
671 1803 840 1874 copulativis
850 1802 940 1872 iisque
951 1802 1131 1875 epexegctioc
1141 1803 1242 1873 positis
1252 1806 1296 1872 st,
1308 1820 1357 1872 ac,

651 1909 772 1962 neque,
795 1892 1010 1962 nequeenim
1034 1935 1040 1947 .
1084 1933 1357 1948 .......
1395 1899 1430 1946 71

581 1981 696 2052 Proprie
713 1984 884 2050 tractantur,
903 1999 975 2050 quae
994 1981 1045 2037 sub
1060 1981 1082 2034 B
1101 1980 1313 2051 proposuimus.
1352 2024 1357 2037 .
1396 1987 1433 2036 75

659 2106 755 2162 Oratio
775 2106 889 2176 obliqua
908 2105 1035 2177 sequitur

429 2200 456 2268 a)
476 2197 651 2253 enuntiatum
673 2195 869 2251 secundarium
892 2193 1071 2250 coniunctivo
1094 2193 1274 2250 adhortative
1294 2211 1357 2249 con-

400 2315 402 2321 ·
474 2286 648 2342 formatum.
684 2329 691 2341 .
729 2329 735 2341 ,
772 2326 780 2365 :
819 2325 1358 2342 .............
1396 2291 1432 2340 '15

426 2376 456 2446 b)
476 2376 650 2431 enuntiatum
669 2372 864 2430 secundarium
882 2371 1031 2428 relativum
1042 2414 1358 2432 ........
1396 2379 1432 2428 78

430 2468 456 2535 c)
474 2465 665 2520 accusativum
693 2467 723 2519 et
746 2461 916 2519 infinitivum
941 2461 1053 2533 proprie
1078 2479 1111 2517 ex
1128 2449 1199 2532 ipso⁴
1211 2463 1297 2518 verbo
1316 2479 1358 2517 re-

475 2553 555 2625 genti
572 2555 727 2625 pendentes
777 2593 1359 2609 ..............
1397 2559 1432 2608 79

428 2643 457 2706 dt
475 2642 725 2713 interrogationem
742 2641 910 2696 indirectam
953 2683 1358 2698 ..........
1396 2646 1433 2696 8ο

429 2734 454 2800 e)
474 2731 649 2787 enuntiatum
669 2730 863 2786 secundarium
882 2748 900 2785 a
913 2729 1110 2785 coniunctione
1124 2730 1213 2799 quod
1227 2729 1304 2784 dass
1319 2728 1360 2783 in·

475 2819 583 2890 cipiens
602 2824 630 2875 ct
647 2821 774 2891 proxime
792 2820 828 2874 ad
847 2819 904 2875 vim
925 2817 1063 2874 enuntiati
1082 2819 1203 2876 causalis
1223 2819 1359 2875 accedens
1395 2825 1433 2874 80

434 2909 457 2980 f)
476 2909 652 2964 enuntiatum
670 2909 865 2965 secundarium
884 2909 995 2964 causale
1044 2950 1359 2965 ........
1397 2913 1433 2963 82

429 3001 471 3068 g),
497 3000 539 3068 h),
565 2998 598 3069 i),
624 2999 654 3070 k)
681 2997 857 3053 enuntiatum
882 2996 1076 3052 secundarium
1100 2997 1269 3068 temporale,
1295 3013 1358 3051 con·

475 3086 628 3156 dicionale,
646 3087 775 3155 modale,
794 3086 878 3141 finale
911 3127 1359 3142 ...........
1397 3091 1433 3141 85

435 3175 457 3245 l)
475 3175 622 3230 enuntiata
638 3193 695 3230 non
713 3174 776 3246 ipsa
793 3173 884 3229 forma
903 3174 1080 3243 secundaria,
1101 3175 1150 3229 scd
1169 3173 1310 3230 sententia
1353 3217 1359 3231 .
1396 3181 1434 3231 86

535 3281 564 3339 Ο.
583 3284 633 3337 aut
650 3283 765 3338 verbnm
782 3298 882 3352 regens
902 3280 1039 3337 enuntiati
1056 3281 1310 3353 primariiproprie
1324 3282 1360 3336 ad

582 3371 723 3426 obiectum
740 3369 855 3441 aliquod
871 3370 1006 3442 pertinet3
1028 3370 1124 3441 itaque
1144 3387 1201 3425 non
1218 3370 1311 3441 ipsum
1324 3371 1361 3425 ad

582 3463 744 3529 sequentem
759 3459 914 3515 orationem
928 3459 1071 3530 obliquam
1081 3459 1179 3516 referri
1187 3462 1290 3531 potest,
1305 3477 1361 3530 qua

583 3565 628 3617 ea,
648 3566 719 3619 quac
739 3548 883 3604 enuntiato
902 3547 1036 3620 primario
1051 3549 1144 3604 verbis
1159 3549 1361 3619 sententiisque

583 3638 711 3694 absoluto
731 3638 921 3708 continentur,
941 3637 1098 3723 accuratius
1117 3638 1316 3710 explicantur.
1354 3682 1360 3694 .
1397 3644 1434 3694 88

263 3765 298 3822 II.
318 3761 548 3820 substantivis
567 3762 739 3818 adiuncta.

328 3878 351 3926 1.
372 3868 583 3924 Substantivum
610 3887 673 3924 cum
697 3871 783 3925 verbo
809 3869 851 3924 ita
876 3868 1056 3924 coniunctum
1074 3873 1129 3940 est,
1156 3873 1188 3925 ut
1206 3889 1261 3926 una
1279 3870 1360 3941 quasi
1404 3861 1414 3870 ⁶

372 3957 510 4013 efficiatur
522 3957 613 4026 notio,
629 3975 663 4014 ex
676 3976 732 4028 qua
746 3958 836 4014 oratio
852 3957 967 4028 obliqua
981 3962 1024 4015 cst
1038 3976 1180 4030 suspensa,
1194 3959 1236 4015 ita
1247 3961 1361 4030 quidem

370 4049 403 4101 ut
420 4033 537 4102 verbum
555 4063 654 4117 regens
675 4048 849 4118 suppleatur3

431 4143 458 4200 a)
479 4134 652 4191 enuntiatum
671 4135 745 4191 cuim
763 4135 927 4206 primarium
947 4139 976 4192 ct
994 4137 1088 4192 verbis
1107 4141 1136 4193 et
1150 4139 1298 4195 sententiis
1313 4142 1360 4196 ab·

478 4225 598 4279 solutum
618 4226 726 4280 estnec
741 4223 852 4296 indiget
866 4224 1000 4281 orationis
1015 4225 1157 4296 obliquae,
1177 4246 1249 4298 quae
1264 4247 1362 4301 epexe-

478 4312 570 4384 gcticc
590 4313 702 4368 additur
732 4355 1360 4374 ...............
1399 4327 1434 4376 91

430 4399 461 4472 b)
481 4419 515 4457 ex
538 4401 681 4458 enuntiato
707 4402 840 4475 primario
859 4404 966 4475 pendet
983 4403 1061 4458 aliud
1081 4405 1268 4477 enuntiatum
1295 4407 1362 4464 dein

478 4490 604 4561 sequitur
622 4491 711 4547 oratio
730 4491 846 4564 obliqua
