3152 5222
750 474 969 537 ..14-

275 659 305 722 p.
321 635 385 700 702
409 632 560 721 Spengel.
577 633 627 699 III
649 634 726 719 178,
749 629 784 720 3)
803 633 916 718 paullo
939 631 1069 696 uberius
1089 630 1195 696 docet:
1218 625 1447 713 ἀποσιοόπησίς

276 741 344 808 ἐστι
377 737 478 829 λόγος
515 741 729 824 παραλείπων
763 735 800 805 τὸ
840 733 1109 823 γιγνωσκόμενον
1147 735 1202 802 καὶ
1237 739 1373 803 σιωπῶν
1407 733 1446 804 τὸ

275 843 428 932 αἰσχρόν·
467 846 520 912 δεῖ
549 841 613 931 γάρ
646 841 725 930 μετὰ
757 847 826 911 τῶν
857 840 971 911 ἀλλων
1002 842 1058 910 καὶ
1089 845 1188 911 τοῦτο
1217 855 1353 911 σκοπεῖν
1384 839 1446 910 τὸν

274 950 463 1039 γράφοντα,
486 947 570 1018 ῶστε
596 947 641 1037 μὴ
665 953 811 1037 μολῦναι
836 947 900 1036 τὴν
928 953 1077 1035 γλῶτταν
1105 945 1126 1036 ἢ
1154 947 1195 1017 τόι
1221 947 1397 1036 γράμματα
1424 944 1445 1035 ἢ

274 1059 354 1137 τοὺς
391 1053 576 1136 ἀκούοντας
612 1060 762 1143 αἰσχροῖς
804 1053 918 1141 λόγοις
1022 1049 1109 1124 οἷον·
1146 1052 1265 1141 »οἶδεν
1299 1051 1448 1136 Ἐλευσὶς

273 1168 378 1232 ταῦτα
401 1163 515 1231 καλοί
539 1167 607 1231 τῶν
631 1163 858 1248 σιωπωμίνων
881 1162 935 1230 καὶ
959 1165 1084 1249 σιωπῆς
1110 1159 1217 1242 όντως
1243 1159 1347 1242 ἀξίων
1371 1161 1446 1230 ἐπό-

275 1275 388 1340 πται“·
417 1267 473 1338 (leit
496 1267 561 1357 γὰρ
588 1273 649 1338 τοῦ
677 1273 783 1338 εἰπεῖν
810 1271 938 1354 σιωπῆς
959 1266 1066 1348 όντως
1087 1263 1235 1344 ἀξίων’
1215 1295 1260 1348 ως
1287 1273 1448 1354 πλείστην

275 1373 478 1464 ὑπέφηνε
443 1403 505 1463 την
519 1374 621 1464 ὕβριν
635 1376 690 1444 καί
708 1373 901 1462 πρεπόντως
920 1369 1157 1459 ἐστηλίτέυσεν.
1198 1376 1263 1466 (De
1279 1376 1448 1463 Aquilae

275 1486 437 1552 Romani
462 1509 502 1552 ex
520 1485 699 1551 Alexandri
723 1485 808 1550 libro
829 1487 940 1569 sumpt
941 1505 961 1547 a
925 1463 1167 1550 tdefinitione
1189 1485 1228 1550 of.
1246 1485 1369 1570 infrap.
1382 1483 1449 1571 16).

278 1592 402 1659 Similit
387 1596 438 1658 ter
457 1597 490 1658 et
490 1592 556 1657 iam
566 1590 734 1676 Apsines
754 1588 820 1677 (ap.
829 1589 932 1656 Walu.
942 1585 1030 1674 IXp.
1040 1589 1105 1655 500
1116 1588 1268 1676 Spengel
1277 1590 1367 1657 1358
1370 1590 1447 1678 ,26)

277 1699 356 1764 dicit
391 1698 599 1784 aposiopesin
632 1719 703 1763 esse
734 1697 914 1763 orationem
945 1699 1002 1760 aut
1031 1697 1236 1763 omittentem
1268 1720 1320 1764 res
1349 1703 1448 1763 notas

277 1810 335 1871 aut
367 1805 557 1871 reticentem
589 1805 699 1890 turpia
732 1797 766 1890 (ἢ
798 1805 1015 1888 παραλείπων
1047 1798 1084 1868 τὸ
1117 1805 1391 1889 γιγνωσκόμενον
1426 1797 1448 1888 ἢ

276 1913 413 1977 σιωπῶν
436 1907 474 1978 τὸ
498 1907 661 1997 αἰσχρόν).

365 2017 544 2084 'liberius
569 2013 635 2104 (ap.
654 2016 760 2082 Walz.
778 2015 861 2082 VIII
880 2014 958 2101 536,
982 2014 1132 2101 Spengel.
1148 2017 1199 2082 ΙΙΙ
1219 2041 1249 2102 p.
1269 2015 1341 2105 62):
1364 2013 1449 2084 ἀπο-

277 2122 440 2209 σιῶπησις
460 2123 499 2190 δέ
516 2123 623 2206 ἐστιν,
643 2118 724 2190 ὅταν
743 2122 874 2208 μέλλων
893 2120 1003 2206 λέγειν
1021 2121 1155 2206 πρᾶγμα
1174 2118 1255 2189 αὑτὸ
1279 2120 1341 2208 μὲν
1364 2118 1448 2190 ἀπο-

277 2227 439 2327 ορωπήση,
462 2225 524 2315 τὴν
542 2214 585 2296 Ιδὲ
603 2224 771 2297 ὑπόνοιαν
790 2224 895 2295 αὑτοῦ
914 2230 1088 2314 καταλίπη·
1112 2224 1201 2310 ‚alet
1220 2223 1301 2314 ’έγῶ
1321 2227 1383 2315 μὲν
1402 2269 1450 2280 -

278 2330 319 2404 οό
341 2335 505 2422 βούλομαι
529 2334 567 2402 δὲ
591 2332 692 2402 οὐδὲν
715 2331 873 2421 δυσχερὲς
895 2336 1000 2400 εἰπεῖν
1028 2329 1213 2420 ἀρχόμενος
1239 2338 1301 2402 τοῦ
1328 2334 1449 2421 λόγου·

278 2435 376 2535 οὗτος
395 2441 432 2510 δὲ
449 2444 484 2510 ἐκ
502 2445 696 2529 περιουσίας
715 2466 782 2527 μου
799 2441 1011 2526 κατηγορεῖ.“
1039 2439 1146 2529 (Idem
1165 2446 1349 2530 exemplum
1364 2446 1450 2511 eius-

277 2553 351 2617 dem
369 2553 494 2638 figurae
514 2551 600 2637 apud
618 2548 911 2635 Hermogenem,
927 2547 966 2613 de
985 2548 1122 2614 formll
1134 2549 1151 2614 7
1164 2572 1214 2635 ap.
1224 2549 1327 2618 Walz.
1342 2575 1373 2636 p
1381 2551 1449 2618 408

278 2657 430 2744 Spengel.
449 2659 532 2743 IIp.
551 2658 674 2722 430et
697 2655 783 2783 apud
806 2653 987 2741 Aquilam
1014 2654 1237 2742 Romanum,
1265 2681 1316 2743 ap.
1338 2657 1450 2725 Helm.

277 2788 308 2849 p.
321 2761 394 2866 2.4)
439 2761 508 2828 Καὶ
537 2759 639 2829 πόλιν
668 2759 753 2848 πρὸς
779 2757 839 2827 τὸν
863 2763 1108 2846 Χαρίδημον,,
1115 2752 1155 2853 pi
1164 2759 1273 2849 μήτηρ
1296 2761 1358 2849 μὲν
1386 2765 1451 2832 οὐκ

277 2851 342 2955 ἐρῶ
365 2863 456 2946 τίςἰ
437 2893 457 2954 η
476 2866 600 2935 πόθεν·
624 2863 784 2935 οὐδὲν
750 2892 813 2952 γαρ
837 2869 891 2932 δεῖ
911 2869 1012 2933 πλείω
1035 2869 1103 2934 τῶν
1127 2864 1319 2954 ἀναγκαίων
1343 2866 1451 2938 αὑτὸν

278 2973 513 3056 ἐξετόξεσθαι“
542 2973 643 3062 (idem
673 2974 857 3061 exemplum
886 2975 1000 3040 attulit
1023 2976 1234 3042 Alexandri
1260 2978 1340 3063 epit
1345 3001 1451 3045 oma-

277 3089 339 3150 tor
355 3107 385 3168 p.
405 3080 468 3171 19).
498 3076 668 3148 Οὐδὲν
631 3105 695 3166 γαρ
718 3073 762 3147 ἀυ
785 3075 855 3146 εἷπε
877 3082 1033 3146 τοιοῦτον
1057 3072 1131 3147 οἷον
1155 3084 1194 3170 τῇ
1219 3077 1363 3172 ὑπονοίᾳ
1386 3107 1451 3152 πα-

276 3189 433 3275 peteme.

367 3297 419 3362 Ab
443 3295 686 3382 Hermogene
709 3295 791 3360 duee
815 3294 1035 3381 depinguntur
1057 3295 1287 3381 aposiopeseos
1310 3297 1452 3365 formae:

278 3427 355 3490 una,
382 3425 447 3490 qua
479 3402 622 3488 suspicio
653 3402 945 3486 maior'movetur,
978 3423 1075 3486 quam
1102 3403 1211 3468 verbis
1244 3404 1451 3489 simplicibus

278 3511 412 3578 exeiteri
435 3509 578 3577 videtur:
609 3510 630 3576 i.
646 3531 673 3576 e.
696 3509 791 3595 plura
813 3508 1096 3595 subintellegenda
1118 3514 1195 3576 sunt
1218 3533 1315 3594 quam
1341 3512 1451 3577 verbis

279 3616 344 3681 diei
367 3616 533 3703 videntur;
561 3618 678 3703 altera,
705 3639 769 3702 qua
792 3616 897 3683 oratio
923 3617 1020 3702 plane
1047 3617 1307 3703 interrumpitur,
1334 3615 1383 3684 ita
1410 3625 1452 3684 ut

278 3743 329 3787 res
357 3723 494 3788 tacenda
524 3745 629 3808 neque
660 3724 821 3790 indicetur
851 3745 956 3808 neque
982 3724 1079 3788 feoile
1108 3724 1297 3810 suppleatur
1321 3722 1373 3811 (ef.
1396 3747 1452 3810 ap.

278 3827 383 3893 Walz.
406 3826 455 3892 III
483 3851 513 3914 p.
536 3828 615 3914 4083
648 3830 691 3896 ib.
723 3853 754 3914 p.
787 3830 866 3913 3463
903 3830 981 3914 7113
1012 3865 1057 3880 -·-
1079 3830 1160 3896 VIII
1187 3855 1218 3916 p.
1250 3831 1329 3916 650;
1360 3834 1451 3916 apud

279 3932 428 4020 Spengel.
439 3932 471 3998 Il
481 3957 512 4018 p.
522 3935 601 4020 430,
618 3935 658 4001 18
672 3957 752 4021 seq.;
770 3934 813 4001 ib.
828 3935 903 4020 382,
917 3932 988 4020 26);
1006 3935 1130 4021 legitur
1146 3961 1177 4022 p.
1186 3937 1261 4023 430,
1278 3938 1318 4003 18
1329 3985 1359 4020 ,‚,
1367 3934 1452 4004 πότε

277 4037 475 4127 παράλειψις
500 4038 556 4106 καί
588 4035 816 4125 ἀποσιῶπησις
845 4043 1008 4127 γίγνεται;
1031 4037 1112 4108 ὅταν
1135 4043 1359 4129 βουληθῶμεν
1385 4039 1451 4129 τὴν

277 4142 443 4214 ὑπόνοιαν
462 4150 596 4232 μείζονα
613 4149 817 4231 καταστῆσαι
835 4147 896 4212 τοῦ
918 4144 1110 4234 πράγματος
1129 4149 1165 4214 ἐν
1184 4151 1223 4235 τῇ
1243 4146 1358 4238 γνωμῃ
1378 4152 1451 4217 τῶν

278 4249 473 4320 ἀκουόντων
489 4249 509 4338 ἢ
523 4253 663 4339 λέγομεν
678 4245 764 4320 οἷον·
784 4250 939 4339 λάβωμεν
951 4255 1085 4340 πρῶτον
1100 4256 1135 4322 ἐκ
1148 4257 1209 4322 τοῦ
1223 4253 1328 4341 λόγου
1343 4254 1452 4343 παρῶ-

279 4361 410 4443 όειγμα,
432 4361 502 4438 πῶς
521 4349 619 4439 οὑτος
636 4359 789 4446 κέχρηται
808 4361 853 4449 τῷ
872 4364 984 4448 πατρίς
1007 4360 1092 4445 λέγω
1112 4369 1191 4440 ίσως
1209 4356 1230 4448 ἢ
1249 4359 1403 4430 ἀντεῖπεν
1427 4357 1452 4449 ἢ

280 4460 341 4533 οόκ
353 4466 499 4550 ἐπείσθη,
514 4461 535 4551 ἡ
551 4464 588 4533 δὲ
606 4463 834 4549 ἀποσιῶπησις
852 4471 985 4551 μείζονα
1000 4464 1061 4551 τὴν
1077 4463 1245 4535 ὑπόνοιαν
1259 4473 1453 4554 πεποίηκεν,
