3158 5226
798 487 1039 552 -128-

332 644 495 730 adhibuit,
518 648 585 709 eut
609 646 709 710 enim
734 646 982 712 enuntiatum
1004 646 1127 712 finale
1151 647 1357 732 praemisit
1384 669 1500 712 enun-

332 752 433 816 tiato
476 751 722 837 explicando,
762 756 813 818 ut:
845 753 1214 838 Hisi.11149,useq.:
1250 759 1342 836 ratque
1379 754 1502 818 lieentia

331 859 461 922 militem
489 858 647 942 imbueret,
681 860 908 939 interfectorum
940 861 1153 925 centurionum
1184 861 1305 925 ordines
1335 861 1503 942 teutonibus

331 963 490 1043 offerebot;
509 964 603 1030 -IV
619 966 670 1050 67,
685 967 705 1029 6
721 987 800 1050 sequ
822 972 913 1049 uulua
929 968 1047 1048 famam
1065 967 1153 1031 euitii
1174 968 1226 1032 sui
1245 967 1371 1049 faceret,
1393 967 1502 1032 uillam

331 1072 366 1134 iu
389 1092 481 1152 quam
498 1072 679 1154 perseuerat
700 1075 862 1150 mediavit·
891 1109 923 1116 -
942 1071 1149 1158 An.1116‚1
1176 1071 1231 1159 (-
1245 1073 1287 1138 ib.
1305 1073 1501 1159 13,14);-

331 1176 527 1262 1V16,16;
550 1216 585 1224 --
613 1177 695 1243 XIII
710 1179 767 1263 39,
784 1179 804 1243 5
821 1201 888 1263 seq.
904 1179 958 1260 al.;
981 1215 1021 1224 -
1053 1183 1119 1244 aut
1141 1179 1324 1258 inseruit,
1353 1184 1392 1245 ut
1416 1179 1501 1244 Hist.

331 1283 444 1369 119,6;
462 1321 488 1328 -
505 1283 553 1349 IV
563 1285 729 1369 13,bseq.3
743 1321 767 1329 -
792 1285 1045 1371 18,11seq.,al.;
1062 1321 1088 1328 -
1105 1291 1171 1350 eut
1188 1287 1431 1372 postposuit,
1451 1291 1503 1351 ut:

330 1390 458 1456 Histss
475 1390 531 1474 53,
545 1391 580 1474 43
597 1430 635 1438 --
652 1391 710 1475 57,
724 1391 807 1476 4;—
818 1392 858 1457 al.
874 1441 898 1457 ..
913 1391 1005 1457 Trita
1027 1391 1108 1457 haee
1130 1397 1215 1458 sunt.
1239 1429 1264 1438 -
1279 1393 1325 1459 Ut
1339 1393 1502 1458 enuntiati

331 1497 438 1561 finalis
453 1497 502 1561 vis
517 1497 725 1581 epexegetiee
739 1483 846 1582 magis
865 1498 1015 1583 eluceret,
1033 1499 1066 1562 id
1081 1498 1152 1562 sola
1165 1499 1326 1582 particule
1346 1500 1503 1566 scilieet

331 1603 480 1668 adiunxit
494 1603 758 1668 antecedentibus
773 1602 835 1668 hoe
849 1626 923 1688 uno,
943 1604 1030 1689 quod
1045 1604 1154 1690 seiam,
1168 1605 1255 1670 loeo:
1274 1607 1439 1692 An.1130‚
1450 1608 1503 1671 14:

333 1711 473 1774 Tiberius
495 1711 669 1791 marrmbari
690 1711 826 1792 sinaulos
849 1713 946 1776 aotori
962 1712 1086 1794 prmlioo
1108 1712 1202 1797 iubet,
1225 1714 1372 1778 soitioet
1398 1720 1443 1778 ut
1469 1716 1504 1776 in

330 1817 478 1880 Libonem
495 1837 532 1880 eu
550 1818 645 1880 seruis
662 1817 747 1880 saloo
764 1821 888 1882 senatus
906 1819 1040 1883 ommatto
1059 1825 1261 1901 quaereretur.
1295 1818 1408 1904 Neque
1429 1843 1503 1884 raro

331 1923 463 1987 Tacitus
495 1921 621 1986 duobus
654 1922 705 1987 vel
737 1923 884 2006 pluribus
916 1924 1109 2010 enuntiatis,
1145 1948 1282 2010 quorum
1319 1932 1504 1992 extremum

331 2051 428 2094 sensu
450 2028 541 2093 finali
563 2027 707 2111 positum
730 2033 792 2112 est,
820 2052 899 2094 usus
923 2035 974 2095 eat
996 2031 1037 2095 ed
1061 2053 1099 2096 ea
1122 2054 1204 2116 quae
1233 2034 1431 2098 antecedunt
1450 2056 1503 2099 ex-

330 2136 493 2220 plicanda,
520 2135 568 2198 ita
592 2134 722 2218 quidem
750 2140 787 2199 at
809 2135 873 2221 ipsi
903 2138 1071 2203 enuntiato
1100 2140 1283 2204 aoeuratius
1311 2140 1504 2224 explicando

330 2242 420 2326 prius
443 2241 526 2306 illud
548 2240 730 2305 membrum
756 2243 849 2306 nulla
878 2244 1039 2328 particule
1069 2245 1277 2330 epexegetiea
1304 2246 1505 2331 interposita

331 2348 541 2434 subiungeret
564 2347 657 2431 eique
680 2347 884 2413 enuntiatum
907 2349 1004 2415 finale
1027 2351 1197 2435 particulis
1225 2351 1422 2436 copulatius
1448 2352 1502 2416 ad·

330 2455 502 2520 versativis
535 2453 738 2518 disiunctivis
778 2454 976 2542 adnecteret,
1008 2456 1089 2522 loeis
1123 2460 1173 2522 ut:
1213 2458 1288 2524 dial.
1308 2459 1403 2543 9,10
1423 2481 1505 2544 seq.:

329 2583 435 2644 nempe
455 2562 484 2625 si
506 2561 625 2624 amiens
646 2561 725 2643 eius,
753 2561 783 2624 si
797 2563 1005 2648 propinquus,
1033 2565 1063 2628 si
1084 2565 1212 2646 denique
1232 2565 1297 2648 iane
1318 2566 1354 2628 in
1376 2566 1508 2648 aliouod

329 2669 482 2750 noyotinm
500 2667 650 2750 ineiderit,
668 2667 711 2730 ad
726 2665 808 2731 buno
820 2667 994 2733 Semndum
1011 2675 1147 2734 reourret
1162 2677 1220 2736 aut
1235 2672 1279 2736 ad
1295 2676 1331 2756 u,
1350 2672 1506 2757 Materne,
1563 2687 1564 2696 ¹

328 2795 399 2839 non
430 2775 522 2855 quia
542 2775 634 2855 potu
665 2793 695 2836 es
725 2763 840 2856 neque
870 2781 911 2839 ut
924 2797 986 2859 pro
1008 2797 1041 2840 eo
1072 2797 1177 2842 ausus
1205 2777 1325 2857 fariam
1351 2813 1391 2820 —
1414 2777 1506 2845 Hist.

328 2881 428 2965 1114,
446 2880 488 2943 10
501 2901 581 2963 seq.:
598 2881 743 2944 suadente
760 2878 900 2945 Cornelio
917 2881 1028 2968 Fusco,
1051 2904 1125 2947 non
1142 2885 1231 2966 quia
1252 2884 1411 2948 industria
1425 2884 1506 2950 Fla-

330 2989 416 3050 m'am'
438 2987 553 3069 eyebot,
575 2986 699 3050 sedat
719 2987 879 3051 consulare
909 3008 1019 3052 nomen
1047 2991 1240 3072 sumentibus
1268 3011 1338 3055 oum
1367 2994 1507 3057 maxime

326 3093 469 3174 partibus
490 3093 616 3156 bonmta
636 3092 732 3174 specie
748 3093 1014 3172 armamenta
1043 3129 1076 3137 -
1098 3095 1430 3182 An.11165,1seq.:
1454 3120 1505 3164 ea·

328 3200 414 3280 sequi
444 3197 609 3263 sententias
639 3196 725 3262 baud
758 3198 882 3261 institui
912 3199 975 3264 nisi
1002 3202 1137 3284 immnes
1166 3224 1226 3285 per
1258 3203 1418 3268 honestum
1450 3211 1509 3270 aut

328 3305 458 3369 notabili
493 3305 643 3388 dedecore,
679 3304 761 3385 quod
780 3305 985 3386 praeambulum
1012 3327 1127 3374 munus
1159 3311 1326 3375 menalium
1354 3331 1439 3394 reor,
1463 3333 1508 3376 ne
1563 3377 1564 3386 ,

328 3413 454 3476 uirtutes
475 3411 637 3495 sileantur,
668 3415 777 3492 utque
799 3412 910 3491 praem
938 3413 1028 3477 dietis
1048 3414 1199 3497 faotr'squo
1220 3437 1257 3481 aa
1272 3419 1456 3500 posteritate
1479 3425 1510 3483 et
1563 3455 1564 3460 κ

329 3518 464 3598 infamia
488 3520 585 3582 metus
611 3519 668 3594 sit;
694 3553 730 3560 -
755 3515 837 3581 XIII
853 3515 945 3601 39,5
961 3540 1041 3602 seq.:
1069 3526 1099 3584 et
1126 3520 1270 3608 aarum,
1297 3544 1343 3587 ne
1370 3525 1508 3589 invitum

329 3625 439 3688 betlrun
469 3623 639 3688 traderetur
667 3629 775 3705 utque
797 3624 963 3688 Ammonias
995 3627 1039 3690 ad
1072 3647 1130 3691 sua
1161 3628 1351 3708 defendenda
1379 3637 1507 3717 torreret,

329 3731 487 3793 excindere
503 3735 602 3812 parat
622 3730 765 3804 castolla,·
793 3765 826 3772 -
854 3729 1035 3816 24‚1seq.:
1062 3734 1125 3813 fine
1154 3737 1234 3798 anni
1254 3738 1348 3800 statio
1370 3737 1509 3803 cohortis

329 3836 468 3900 adsidere
491 3835 572 3900 ludis
593 3836 684 3898 solita
706 3836 886 3918 denmaetru,
908 3856 976 3916 quo
998 3839 1100 3902 maior
1120 3841 1233 3921 species
1256 3843 1407 3908 libertatis
1430 3851 1509 3910 esset

328 3927 436 4022 utque
458 3941 546 4004 mites
567 3939 712 4003 theatrali
735 3940 873 4003 lioentrae
895 3961 956 4004 uon
972 3946 1148 4024 penniatas
1170 3948 1380 4032 incorruptior
1401 3957 1510 4034 ayeret
1563 4005 1564 4010 ,

329 4051 363 4111 et
377 4068 407 4130 q.
421 4068 459 4130 a,
485 4083 520 4090 -—
546 4046 581 4129 9,
594 4046 633 4108 4:
654 4049 684 4108 et
711 4045 876 4128 romeos,
902 4067 970 4127 quo
992 4049 1103 4113 bellum
1131 4072 1170 4116 ea
1198 4057 1354 4120 eommom
1370 4065 1511 4140 pararet

329 4172 377 4215 an
398 4157 439 4214 nt
459 4151 676 4216 aemulationis
696 4154 846 4230 stropulos
861 4171 921 4232 per
938 4174 1047 4217 nomen
1065 4157 1204 4222 obsidem
1222 4167 1381 4241 amoveret,
1407 4166 1510 4229 tradit
1563 4211 1564 4220 κ

329 4258 533 4321 nobilissimos
554 4277 591 4319 ee
611 4255 739 4335 familia
756 4255 998 4334 Arsacidarum
1025 4299 1053 4306 -
1078 4261 1156 4328 XVI
1171 4266 1259 4350 23,8
1277 4290 1372 4354 sequ,
1384 4275 1509 4353 tempus

329 4363 525 4426 damnationi
552 4362 712 4444 delectum
747 4381 806 4440 ouo
831 4362 984 4428 Tiridates
1013 4368 1186 4449 ammoneo
1209 4373 1381 4440 Armeniae
1409 4398 1509 4460 rayno

329 4467 520 4550 adventabat,
537 4471 577 4528 at
594 4467 637 4529 ad
648 4471 774 4530 murno
786 4469 961 4534 rumoribus
975 4472 1153 4538 intestinum
1165 4479 1264 4542 seelas
1277 4481 1509 4570 obsmraretnr,
