3152 5222
773 469 990 534 ..22-

294 630 430 695 vissima
453 630 668 714 descriptione
692 630 763 714 illa,
786 650 825 694 ex
848 651 912 714 qua
936 634 1048 694 orator
1075 627 1259 712 aposiopesi
1284 627 1472 692 orationem

295 759 368 801 oum
391 738 516 822 impetu
539 737 680 820 quodam
704 736 934 821 interrumpat,
956 736 1054 820 plane
1077 733 1222 799 contenti
1245 733 1407 819 efficiunt,
1431 738 1473 798 ut

296 843 440 908 dubitari
464 843 583 929 possIt,
608 865 690 928 quae
714 842 759 907 sit
781 841 830 908 vis
855 842 974 927 quique
998 842 1078 906 fines
1102 840 1170 905 eius
1193 842 1326 926 figurae.
1571 825 1572 836 λ

259 979 264 994 c
385 949 478 1026 Quod
502 972 578 1015 sane
602 950 818 1035 proficiscitur
841 971 880 1014 ex
904 948 975 1013 sola
997 947 1087 1012 illius
1111 947 1243 1012 termini
1265 951 1386 1012 natura
1408 971 1474 1012 nec
1571 943 1572 964 ¹

297 1056 393 1121 certis
417 1055 536 1120 finibus
560 1055 796 1141 circumscripti
819 1059 852 1121 et
875 1059 943 1120 tam
968 1053 1071 1138 dubii,
1099 1058 1136 1118 ut
1159 1052 1201 1118 ad
1223 1076 1274 1119 res
1298 1055 1396 1139 plane
1423 1053 1475 1118 di-

296 1184 407 1227 versas
431 1162 536 1246 possit
558 1161 680 1228 referri
726 1161 828 1238 Quae
852 1183 933 1226 oum
957 1160 1013 1226 lta
1036 1159 1128 1246 sint,
1156 1159 1276 1224 etiam
1303 1159 1367 1226 hic
1390 1182 1476 1226 mo-

296 1268 460 1333 nendum
475 1272 548 1353 est,
562 1272 604 1334 ut
618 1269 656 1333 in
671 1272 842 1335 veterum
858 1267 1019 1352 seriptis
1035 1270 1140 1333 reete
1154 1267 1476 1351 interpretandis

296 1374 411 1459 plane
435 1375 596 1440 omittes
620 1375 732 1439 illum
755 1374 961 1440 terminum
984 1395 1209 1459 semperque
1237 1395 1314 1438 rem
1343 1372 1477 1458 ipsam

298 1481 518 1546 manifestis
546 1482 792 1566 propriisque
820 1480 953 1547 verbis
987 1503 1098 1566 quam
1134 1480 1360 1546 acutissime
1393 1479 1474 1544 cir-

297 1587 553 1654 cumscribere
578 1589 743 1654 studeas.
990 1595 991 1598 ’

728 1857 790 1933 III.
824 1857 878 1931 De
909 1857 1041 1950 ellipsi.

388 2015 457 2079 Hoc
475 2014 615 2079 termino
639 2019 764 2080 veteres
784 2017 817 2079 et
834 2013 1087 2099 etymologicam
1101 2014 1191 2078 illam
1206 2015 1362 2099 formam,
1386 2038 1479 2100 quae

297 2122 406 2206 posita
429 2125 479 2186 est
502 2121 537 2185 in
560 2121 686 2187 defectu
710 2122 912 2208 singularum
936 2121 1137 2206 syllabarum
1159 2121 1194 2184 in
1217 2120 1357 2205 singulis
1383 2123 1479 2188 voci·

299 2230 358 2293 bus
382 2227 554 2313 accidenti,
579 2233 612 2293 et
634 2228 848 2313 syntecticam
873 2226 1049 2313 quandam,
1078 2250 1160 2312 quae
1183 2231 1309 2312 spectat
1334 2227 1376 2292 ad
1401 2251 1481 2294 ver-

298 2328 412 2400 bo'rum
436 2340 469 2399 et
492 2335 727 2400 sententiarum
750 2334 999 2420 detractionem,
1022 2334 1267 2399 denotaverunt.

370 2514 398 2578 1.
432 2511 484 2578 De
513 2511 648 2598 ellipsi
676 2511 721 2577 ad
748 2513 952 2577 verborum
980 2511 1142 2578 formam
1169 2511 1397 2596 pertinenti.

386 2636 538 2721 Trypho
554 2658 604 2722 ap.
615 2636 718 2701 Walz.
728 2636 810 2701 VIII
821 2637 934 2732 pom,
950 2635 1101 2722 Spengel.
1112 2636 1162 2702 III
1177 2659 1207 2721 p.
1223 2637 1299 2702 198:
1323 2638 1483 2716 ἔλλειψίς

298 2742 365 2808 ἐστι
390 2742 475 2821 λέξις
503 2737 545 2807 οὐ
571 2737 653 2807 κατὰ
676 2738 714 2810 τό
740 2744 863 2827 πλῆρες
893 2741 1148 2827 ἐξευηυεγμέυη·
1180 2745 1307 2826 γίνεται
1335 2738 1373 2808 δὲ
1401 2746 1483 2810 κατ’

297 2845 419 2934 ἀρχήν,
442 2844 524 2914 ααιά
542 2847 661 2932 μέσον,
684 2844 766 2914 κατὰ
789 2848 897 2932 τέλος,
922 2839 997 2915 οἷον
1020 2844 1211 2933 ἀφαίρεσις,
1235 2844 1385 2933 συγκοπὴ
1418 2850 1482 2917 καὶ

296 2951 457 3040 ἀποκοπή.
502 2949 569 3020 κατ’
602 2950 708 3043 ἀρχὴν
740 2951 817 3040 μέν,
848 2945 923 3022 οἷον
956 2958 1110 3040 ,,λείβειυ
1134 2993 1177 3004 -
1200 2958 1347 3041 eIdsco“·
1384 2956 1482 3025 κατὰ

297 3062 419 3147 μέσου,
466 3050 540 3128 οἷον
587 3058 822 3147 ,,μουωύυχας
853 3099 895 3110 --
925 3059 1125 3149 μώνυχαςίί·
1170 3058 1252 3129 κατὰ
1293 3058 1330 3128 τὸ
1373 3062 1483 3144 τέλος

298 3171 419 3253 ,,ὃι5μα
443 3207 486 3215 -
509 3170 592 3234 dd“.
640 3167 769 3235 Similia
803 3169 926 3256 scripta
960 3175 1037 3263 sunt
1067 3169 1153 3255 apud
1183 3169 1380 3236 Zonaeum
1419 3170 1482 3259 (cf.

298 3276 401 3340 Walz.
417 3276 498 3341 VIII
514 3300 545 3362 p.
561 3277 638 3360 684,
658 3273 808 3361 Spengel.
827 3275 878 3342 III
896 3275 1035 3364 p.167):
1058 3277 1203 3356 ἔλλειψίς
1226 3276 1293 3342 ἐστι
1317 3275 1405 3354 λέξις
1435 3277 1485 3346 οὐ

296 3377 379 3447 κατὰ
401 3377 439 3447 τὸ
457 3383 580 3466 πλῆρες
600 3381 822 3467 ἐκφερομένη·
840 3387 970 3466 γίνεται
989 3381 1026 3450 dl
1044 3379 1236 3469 κατ’ἀρχήυ,
1258 3377 1340 3450 κατὰ
1363 3383 1483 3468 μέσον

297 3486 352 3554 καλ
384 3484 465 3554 καιά
492 3485 530 3554 τὸ
557 3487 659 3566 τέλος.
691 3489 819 3574 λέγεται
844 3487 880 3555 δὲ
907 3486 945 3556 τὸ
968 3486 1034 3556 κατ’
1056 3487 1162 3576 ἀρχὴν
1189 3486 1364 3576 ἀφαίρεσις
1393 3481 1484 3561 οἷον

179 3625 187 3640 ·
298 3597 620 3679 ,,λείβειυ-είβειυ“,
643 3592 681 3661 τὸ
705 3592 786 3662 καιά
813 3595 917 3681 μέσου
943 3594 1092 3682 συγκοπὴ
1121 3591 1195 3664 οἷον
1221 3594 1484 3684 ‚poscimus-

297 3698 498 3786 poivvyo9“‚
525 3698 564 3768 τὸ
591 3698 673 3767 κατὰ
702 3701 795 3780 τέλος
822 3696 973 3788 ἀποκοπὴ
1001 3691 1074 3770 οἷον
1105 3706 1353 3790 ‚,doipo·doi“.
1391 3702 1482 3773 Ἕλ-

297 3813 405 3886 λειφις
435 3812 601 3893 στοιχείου
638 3801 711 3875 οἷον
741 3805 974 3896 ,,γαῑα-αία“·
1005 3814 1148 3890 ἔλλειψις
1183 3813 1349 3897 συλλαβῆς
1387 3810 1485 3897 ,,ἀσ-

296 3912 664 4001 τράπτει-στράπιιιίι,
704 3912 1185 4003 ,,ἀμφιφορεύς·ἀμφορειλς“
1222 3965 1243 4001 ,,
1254 3912 1484 3987 Ἀπόλλωνα-

294 4016 510 4087 undasse*
539 4021 620 4090 Fere
641 4023 721 4089 item
738 4022 869 4109 scripsit
881 4024 902 4090 J
908 4047 958 4090 os.
973 4023 1226 4110 Ithaoyndeta
1240 4047 1291 4110 ap.
1302 4024 1408 4092 Walc.
1421 4029 1482 4097 III

386 4211 401 4246 *
418 4214 481 4268 Iure
499 4213 632 4269 miramur
646 4215 722 4284 qnod
733 4215 859 4270 Zonaeus
869 4215 943 4270 hanc
957 4215 1175 4286 etymologicam
1190 4215 1323 4288 ellipseos
1337 4215 1481 4293 formam,

297 4319 369 4371 quae
400 4302 491 4372 figura
522 4304 669 4358 verborum
696 4319 753 4358 non
786 4307 840 4372 est,
873 4303 947 4359 iuter
979 4305 1123 4359 schemata
1155 4304 1249 4360 lexeos
1283 4311 1482 4368 enumeravit.

297 4391 433 4461 Proponit
450 4394 545 4446 autem
563 4393 632 4446 duas
651 4391 840 4446 definitiones:
865 4392 983 4448 alteram
1001 4393 1047 4464 (cf.
1062 4394 1151 4448 Walz.
1164 4393 1230 4448 VIII
1250 4399 1314 4462 683,
1335 4394 1482 4468 Spengel.

298 4481 336 4534 III
357 4484 418 4550 166)
440 4483 566 4535 mutuam
589 4482 625 4536 ab
649 4479 807 4536 Alexandro
827 4481 959 4536 Numenii
982 4485 1123 4552 sumptam
1146 4481 1193 4552 (cf.
1208 4481 1281 4537 infra
1295 4503 1322 4555 p.
1340 4491 1375 4540 2⁷
1391 4493 1483 4562 ποις),
