3152 5222
576 464 793 526 „41-

103 620 262 704 facileque
284 621 532 706 intellegantur,
561 621 642 686 haec
670 623 816 706 proxime
846 622 886 687 ad
913 623 1085 688 veritatem
1122 624 1271 691 accedere

102 727 173 792 visa
200 732 272 792 sunt
290 725 343 814 (cf.
360 726 465 813 Riess,
487 729 524 792 de
545 728 646 811 ellipni
668 730 702 792 ia
726 729 833 812 linquo
853 730 905 794 zat.
920 753 950 814 p.
968 730 1009 794 15
1028 727 1121 816 seq.):
1144 730 1270 795 dicendi

101 835 299 899 consuetudo
318 834 465 918 singulas
485 834 664 900 sententias
678 836 913 920 verborumque
928 836 1179 924 coniunctiones,
1198 859 1269 902 cum

101 941 198 1026 quasi
228 941 261 1005 in
292 941 438 1006 omnium
472 963 527 1006 ore
560 941 677 1006 cotidie
710 946 831 1027 essent,
863 943 911 1006 ita
942 944 1105 1028 tractavit,
1137 949 1174 1009 ut
1204 968 1270 1009 non

99 1049 214 1133 plenas
237 1070 291 1114 eas
323 1047 555 1134 conformaret,
587 1048 644 1112 sed
676 1050 769 1133 quasi
801 1049 1018 1135 obtruncaret,
1050 1051 1127 1136 quia
1158 1052 1270 1136 paucis

98 1160 230 1221 tantum
253 1155 359 1220 verbis
383 1155 500 1239 positis
524 1155 637 1220 statim
660 1159 767 1220 totum
792 1156 995 1220 enuntiatum
1023 1158 1154 1241 perinde
1182 1158 1270 1224 audi-

97 1267 191 1327 retur
223 1283 259 1326 ac
290 1262 319 1326 si
350 1261 483 1346 plenum
516 1266 610 1327 esset.
664 1260 749 1326 Hinc
788 1263 1032 1346 proverbiorum
1069 1263 1270 1349 aliarumque

96 1367 312 1434 formularum
346 1369 428 1433 mira
460 1389 555 1453 saepe
587 1368 740 1433 brevitas.
790 1367 963 1433 Praeterea
995 1369 1163 1456 adverbia,
1195 1394 1267 1455 pro·

95 1477 233 1542 nomina
256 1475 352 1540 certis
380 1475 508 1540 casibus
538 1476 662 1560 posita,
692 1475 949 1560 praepositiones
982 1497 1056 1540 cum
1084 1477 1270 1544 nominibus

95 1584 302 1667 coniunctae,
344 1603 437 1646 casus
470 1581 610 1667 obliqui,
652 1581 813 1668 imprimis
851 1582 987 1648 ablativi
1024 1583 1112 1648 modi
1145 1606 1270 1670 causae,

3 1695 4 1698 ’
95 1689 230 1774 similia,
247 1711 318 1754 cum
334 1688 376 1752 ad
389 1689 558 1773 proprium
573 1689 707 1752 verbum
724 1692 917 1774 spectarent,
940 1689 1067 1755 efficere
1085 1695 1270 1778 potuerunt,

93 1800 130 1861 ut
155 1797 260 1862 verba
283 1795 402 1881 agendi
426 1794 551 1859 dicendi
570 1795 739 1880 sentiendi,
762 1795 803 1861 al.
823 1796 1058 1862 omitterentur.
1096 1796 1158 1862 Vix
1177 1799 1269 1883 longi

93 1926 166 1970 esse
194 1903 347 1968 debemus
366 1904 401 1966 in
420 1923 467 1986 eo,
490 1902 576 1986 quod
595 1902 819 1967 contendimus
838 1924 904 1967 non
922 1903 1029 1969 minus
1050 1927 1088 1969 ex
1104 1905 1269 1971 celeritate

93 2010 240 2096 quadam
264 2009 398 2094 dicendi,
421 2013 458 2073 ut
480 2008 587 2073 vivide
610 2008 735 2095 aliquid
758 2014 944 2075 narraretur
972 2015 1005 2075 et
1032 2011 1270 2096 depingeretur,

92 2117 292 2184 brevitatem
311 2116 474 2203 quandam
497 2115 587 2179 nasci
606 2116 764 2202 potuisse,
788 2139 852 2202 qua
875 2117 923 2182 vis
948 2139 985 2182 ac
1004 2118 1093 2183 color
1111 2119 1269 2184 orationis

91 2229 279 2311 augeretur.
325 2222 389 2288 Sed
411 2221 491 2287 haec
513 2221 656 2288 breviter
678 2223 804 2288 dicendi
828 2244 948 2309 genera
977 2246 1049 2289 cum
1079 2226 1269 2310 plerumque

93 2334 198 2397 etiam
220 2330 384 2395 cotidiano
408 2328 549 2394 sermoni
571 2329 766 2395 inservirent
788 2329 923 2416 ideoque
946 2330 1086 2396 maxime
1105 2333 1138 2397 in
1157 2353 1268 2397 eorum

93 2437 230 2523 scriptis
248 2437 488 2522 adhiberentur,
502 2436 558 2522 qui
573 2435 612 2499 ad
628 2457 809 2502 sermonem
824 2438 993 2523 vulgarem
1012 2438 1268 2524 quamproxime

3 2569 4 2572 ¹
92 2545 248 2612 accedere
256 2545 441 2629 studebant,
459 2543 708 2628 comoediarum,
724 2544 946 2632 epistolarum,
965 2567 1148 2610 sermonum
1168 2541 1269 2632 (satu-

90 2650 219 2738 rarum)
252 2651 440 2735 scriptores,
476 2671 535 2714 nos
566 2672 632 2715 non
670 2655 739 2715 tam
778 2673 935 2737 occupare
975 2656 1130 2738 poterunt
1171 2674 1267 2738 quam

92 2757 246 2845 quaestio
269 2758 338 2842 illa,
365 2777 429 2840 qua
457 2757 583 2822 ratione
607 2756 752 2843 Tacitus,
780 2759 926 2823 omnium
955 2759 1151 2844 scriptorum
1179 2757 1267 2824 Lati-

91 2888 224 2950 norum,
247 2865 303 2950 qui
326 2864 472 2928 oratione
495 2864 638 2948 pedestri
661 2865 713 2930 usi
736 2868 828 2951 sunt,
850 2887 917 2930 non
940 2866 1046 2930 solum
1074 2865 1170 2951 longe
1198 2865 1268 2930 bre·

91 2972 261 3055 vissimus,
278 2970 450 3035 sedetiam
465 2971 701 3055 grandissimus
715 2971 863 3056 singulas
881 2971 1160 3056 breviloquentiae
1179 2971 1268 3036 illius

91 3081 219 3146 formas
252 3078 437 3143 excoluerit.
492 3076 586 3153 Quod
618 3082 728 3143 autem
761 3101 888 3144 summa
919 3083 990 3145 arte
1026 3078 1122 3143 illum
1153 3077 1269 3145 iecisse

92 3189 225 3252 remota
248 3189 344 3270 grata
370 3184 529 3249 sermonis
559 3184 706 3270 vulgaris
736 3186 947 3271 neglegentia
980 3208 1053 3251 cum
1081 3186 1268 3271 expeditum

93 3298 146 3359 est
170 3315 219 3378 eo,
242 3292 330 3377 quod
352 3289 512 3375 ipse‘fuit
540 3291 627 3356 inter
655 3293 937 3379 eloquentissimos
965 3292 1268 3378 eruditissimusque

93 3423 175 3466 suae
212 3399 330 3464 aetatis
361 3397 526 3483 homines,
564 3402 635 3464 tum
671 3400 742 3464 fieri
778 3400 902 3480 debuit,
940 3399 1030 3485 quia,
1072 3400 1159 3484 quod
1197 3400 1269 3485 ipse

92 3507 263 3574 confessus
287 3509 352 3590 est,
375 3505 566 3589 scriptorem
588 3505 850 3572 foedissimorum
879 3511 1064 3590 temporum
1095 3506 1267 3572 historiam

92 3618 321 3680 enarraturum
354 3634 514 3676 summam
547 3613 744 3697 gravitatem
780 3614 1084 3698 austeritatemque,
1120 3633 1185 3696 qua
1215 3635 1267 3678 res

92 3719 321 3786 atrocissimae
344 3721 576 3785 denotarentur
605 3741 703 3804 quam
733 3721 938 3806 brevissime,
968 3719 1120 3786 adhibere
1151 3719 1267 3786 decuit.

92 3826 159 3893 Sed
183 3827 249 3891 iam
271 3827 307 3891 in
329 3827 462 3912 singula
483 3826 703 3911 inquiramus!
748 3828 820 3905 Qua
841 3828 877 3893 in
899 3850 933 3893 re
956 3831 994 3892 ut
1017 3826 1150 3892 omnino
1173 3827 1268 3892 venia

90 3934 192 4001 nobis
211 3956 293 4018 opus
312 3937 372 4018 est,
394 3934 443 3998 ita
460 3934 632 4019 praecipue
650 3934 684 4000 id
702 3936 854 4022 petimus,
870 3957 912 4001 ue
931 3935 1161 4020 vituperemur,
1180 3933 1267 4018 quod

89 4043 127 4107 in
150 4040 234 4106 locis
258 4040 365 4105 dubiis
397 4040 577 4106 tractandis
609 4041 773 4107 interdum
806 4041 906 4107 etiam
938 4042 1020 4107 talia
1048 4041 1266 4126 exhibuimus,

91 4170 178 4233 quae
207 4148 275 4212 iam
304 4147 426 4212 dudum
456 4152 533 4213 sunt
562 4148 720 4234 refutata,
757 4148 893 4214 fecimus
924 4151 1050 4234 autem,
1078 4151 1117 4212 ut
1145 4167 1265 4232 cogno-

90 4260 215 4340 scatur,
238 4277 303 4340 qua
321 4255 446 4320 ratione
469 4255 509 4320 de
528 4254 634 4321 Taciti
653 4255 814 4322 brevitate
832 4255 1010 4320 iudicatum
1034 4254 1078 4320 sit
1097 4254 1148 4319 vel
1167 4253 1266 4320 hodie

89 4383 224 4447 quoquc
246 4361 414 4427 iudicetur.
