3152 5222
539 505 757 570 -31-

92 666 184 751 p.236,
196 667 251 752 28,
264 665 381 751 Georg.
390 663 603 730 Choerobosc.
619 687 668 750 ap.
676 664 730 731 W.
743 665 786 730 ib.
800 689 830 750 p.
839 665 913 750 809,
927 662 981 750 Sp.
995 665 1037 730 ib.
1052 689 1083 750 p.
1091 665 1165 754 248,
1181 667 1235 750 11,

92 771 203 848 Quintil.
218 773 298 839 VIII
316 774 346 858 6,
364 773 403 837 19
419 794 501 857 seq.;
532 771 657 839 Charis.
672 795 722 857 ap.
735 771 820 836 Keil.
839 772 855 836 I
869 796 899 858 p.
916 772 998 856 2743
1027 771 1175 837 Diomed.
1192 772 1236 837 ib.

90 902 113 962 p.
129 879 201 964 459,
228 879 346 944 Donat
368 879 411 943 ib.
434 878 498 944 vol.
519 877 566 943 IV
588 902 619 964 p.
640 879 722 962 400,
753 878 796 942 id.
823 877 864 943 ad
885 877 1014 944 Terent
1036 877 1236 965 Α11111.261,

89 983 239 1070 Pompeius
257 1010 307 1071 sp.
322 984 444 1051 KeilV
461 985 542 1069 307,
555 983 720 1050 MarPlot
742 984 785 1049 ib.
799 983 973 1070 11111468,
985 983 1236 1051 (1111111811111111.

89 1113 107 1154 c.
125 1092 176 1156 178
196 1094 334 1177 excerpt.
360 1115 399 1157 ex
419 1095 627 1157 commentar.
655 1090 772 1155 Donat.
791 1090 859 1155 cod
879 1088 1089 1175 Sangerman.
1106 1091 1169 1156 291
1186 1113 1236 1178 ap.

88 1196 152 1262 Keil.
173 1199 230 1264 vol.
254 1198 286 1264 V
312 1224 342 1284 p.
363 1198 444 1283 3283
474 1197 612 1263 Albinus
643 1220 693 1282 ap.
717 1196 826 1263 Halm.
858 1221 889 1283 p.
924 1197 1006 1282 545,
1048 1198 1100 1283 19,
1145 1197 1236 1263 Beda

87 1304 118 1368 ib.
133 1327 159 1388 p.
176 1306 252 1392 613,
274 1303 350 1392 24),
374 1308 510 1391 apparet
533 1304 736 1390 propriam
760 1303 1029 1387 synecdoches
1063 1304 1142 1368 vim
1170 1326 1234 1388 po·
1348 1305 1351 1312 ’

22 1473 23 1488 ,
87 1411 181 1476 silam
204 1433 290 1478 esse
312 1413 352 1478 in
375 1433 432 1498 eo,
457 1415 504 1501 ,ut
532 1413 603 1476 sub
628 1410 802 1498 singulis
833 1410 1074 1496 pluribusve
1099 1411 1235 1482 ¹verbis

22 1533 24 1612 ζ
86 1539 137 1600 per
157 1541 194 1584 se
217 1519 305 1605 ipsa
327 1519 511 1584 minorem
530 1519 873 1603 augustioremque
893 1507 1078 1583 ambitum
1097 1539 1139 1583 ac
1157 1517 1234 1602 sig·

22 1619 23 1686 1
85 1624 342 1692 nificationem
361 1625 605 1690 habentibus
625 1623 775 1709 aliquid
795 1624 917 1688 maius
936 1624 995 1690 ita
1015 1624 1127 1710 quasi
1148 1624 1234 1689 sub-

22 1749 23 1792 1
85 1729 196 1817 datur,
220 1737 264 1798 ut
282 1731 401 1797 facile
419 1731 609 1815 intellegi
627 1727 871 1816 possit(cf.de
887 1729 948 1796 hac
964 1753 1014 1796 re:
1030 1730 1235 1817 G.Dannehl,

22 1921 23 1924 Ἴ
83 1839 110 1901 de
121 1839 207 1922 tropis
224 1843 309 1926 part
324 1840 349 1905 I.
357 1863 386 1924 p.
399 1838 441 1903 33
461 1860 527 1923 seq.
548 1836 620 1903 Hal.
641 1835 715 1903 Sar.
735 1833 842 1923 1868).
876 1835 1107 1922 Synecdochen
1126 1842 1235 1903 autem

22 1949 23 1990 3
84 1945 182 2010 rectius
203 1968 271 2012 non
293 1945 356 2011 nisi
381 1945 415 2010 in
439 1944 578 2028 singulis
600 1943 790 2009 notionibus
811 1943 1027 2009 adhibendam
1046 1965 1126 2029 csse,
1149 1945 1234 2030 quod

22 2077 23 2128 1
83 2049 282 2137 Dannehlius,
305 2053 368 2116 etsi
390 2052 478 2116 haud
513 2052 646 2136 ignorat
679 2054 804 2115 veteres
834 2049 923 2135 ipsos
958 2051 1055 2116 aliter
1086 2051 1236 2136 sensisse,

22 2157 23 2196 1
83 2161 173 2223 tanen
193 2159 364 2244 postulare
387 2159 524 2244 videtur,
546 2156 696 2241 intellegi
718 2157 841 2242 nequit,
863 2158 1056 2243 praesertim
1074 2179 1147 2223 cum
1168 2180 1236 2223 non

22 2289 23 2346 j
82 2265 168 2329 solum
199 2287 396 2353 expresses
426 2264 590 2330 veteribus
623 2267 778 2349 negatum
802 2261 856 2350 (cf.
872 2263 989 2351 Georg.
1005 2263 1162 2330 Ghoerob.
1176 2265 1198 2328 l.
1214 2265 1235 2330 l.

22 2355 23 2390 ¹
83 2368 175 2437 Claud.
190 2368 380 2458 sacerdot),
404 2372 460 2436 sed
484 2371 583 2436 etiam
607 2369 746 2455 ellipsis,
774 2392 839 2455 qua
861 2393 928 2436 non
951 2371 1083 2455 singula
1105 2373 1234 2436 tantum

82 2479 161 2543 rerba
181 2478 406 2545 subaudienda
429 2478 688 2563 supprimuntur,
718 2476 841 2562 species
871 2477 940 2543 eius
969 2476 1084 2542 habita
1114 2477 1159 2541 sit
1181 2473 1234 2562 (cf.

81 2581 193 2659 Quintil.
210 2583 299 2672 11),
328 2578 498 2670 p'raeterea
520 2584 582 2650 hoc
605 2607 643 2649 ea
667 2605 794 2669 quoque
824 2607 859 2649 re
889 2584 1129 2669 aliquantulum
1159 2603 1234 2648 con-

80 2690 225 2779 firmatur,
249 2693 337 2777 quod
367 2691 523 2758 amultis
553 2695 700 2756 veterum
729 2689 915 2755 rhetoribus
946 2691 1059 2756 eadem
1090 2689 1235 2756 definitio

80 2795 230 2880 generalis
249 2803 283 2865 et
307 2798 348 2863 ad
371 2797 593 2884 synecdochen
618 2798 714 2863 etad
744 2797 875 2883 ellipsin
905 2798 1067 2864 translata
1097 2801 1162 2883 est,
1192 2817 1234 2863 sc.

79 2905 216 2971 verbe...
236 2907 311 2972 ἐστί
330 2901 453 2990 φράσις
477 2898 517 2969 οὐ
534 2898 617 2968 κατὰ
639 2899 676 2969 τὸ
695 2905 817 2988 πλῆρες
836 2902 1092 2987 ἐξενηνεγμένη,
1116 2903 1237 2988 quibus

78 3011 109 3075 ad
134 3014 266 3100 ellipsin
297 3011 512 3078 definiendam
539 3014 692 3075 utuntur:
718 3010 865 3076 Zonaeus
889 3033 939 3096 ap.
954 3010 1008 3076 W.
1021 3010 1103 3076 VIII
1119 3033 1150 3094 p.
1160 3010 1236 3096 684,

21 3101 22 3144 ³
78 3139 156 3185 anon.
169 3121 213 3186 ib.
228 3144 260 3206 p.
274 3119 336 3184 721
350 3155 390 3165 —-
402 3119 479 3203 722,
507 3116 649 3202 Trypho.
668 3116 711 3182 ib.
725 3141 757 3203 p.
773 3117 850 3201 745,
878 3115 1013 3201 Gregor.
1029 3115 1176 3182 Corinth.
1191 3116 1235 3182 ib.

21 3427 23 3510 l

77 3245 100 3306 p.
113 3227 180 3311 772,
194 3226 315 3308 Georg.
331 3223 446 3291 Choer.
462 3220 875 3309 ib.p.813:cf.ap.sp.111
890 3247 921 3308 p.
932 3223 1005 3308 167,
1021 3224 1078 3308 18,
1098 3221 1235 3308 198,16,

77 3329 137 3418 211,
152 3335 212 3418 27,
236 3332 316 3415 221,
331 3332 385 3416 13,
408 3330 483 3415 252,
497 3331 531 3415 2,
554 3329 595 3394 ad
619 3328 841 3413 synecdochen
864 3333 994 3413 praeter
1016 3328 1235 3415 Tryphonem,
1291 3409 1293 3418 .

77 3436 258 3524 Gregorium
285 3437 505 3522 Corinthium,
528 3434 706 3521 Georgium
736 3432 998 3500 Ohoeroboscum
1028 3435 1127 3501 etiam
1158 3455 1235 3499 ano·
1322 3497 1327 3510 ,

74 3563 176 3628 nymus
200 3569 253 3630 ap.
267 3545 321 3610 W.
334 3544 417 3610 VIII
431 3567 461 3628 p.
477 3542 550 3608 718.

21 3679 23 3730 l
150 3654 295 3730 Quaeret
318 3651 489 3737 quispiam,
518 3654 627 3716 utrum
652 3647 872 3724 Quintilianus
902 3648 1011 3713 verbis
1039 3647 1120 3732 illis,
1153 3669 1236 3731 quae

21 3749 23 3814 ἶ
74 3755 321 3842 legunturVIlI
340 3758 374 3842 6,
397 3757 439 3821 21
466 3757 500 3821 id
524 3755 586 3821 sibi
619 3755 772 3840 voluerit,
805 3757 842 3819 ut
875 3753 1027 3838 ellipseos
1059 3753 1235 3820 terminum

21 3831 23 3962 1
74 3865 161 3930 eliam
176 3889 197 3930 a
211 3888 246 3930 se
261 3865 332 3949 ipso
347 3863 466 3948 speciei
484 3862 535 3926 illi
554 3860 781 3946 synecdoches,
799 3884 864 3946 qua
882 3860 1084 3926 subtractum
1104 3861 1235 3946 aliquod

21 3983 22 4046 ,
73 3973 198 4037 verbum
229 3971 311 4036 satis
341 3993 380 4035 ex
409 3969 525 4034 ceteris
559 3969 821 4053 intellegeretur,
849 3971 888 4032 ut
918 3968 1043 4052 figurae
1074 3967 1235 4032 tributum

21 4059 23 4150 1
73 4097 133 4143 esse
151 4079 284 4162 diceret,
303 4099 344 4142 an
361 4077 412 4160 id,
434 4080 472 4140 ut
490 4073 622 4139 omnino
643 4074 673 4139 ei
690 4097 756 4140 non
774 4073 983 4139 tribuendum
1002 4095 1072 4139 esse
1096 4073 1234 4138 doceret

72 4183 210 4250 Alteram
232 4184 326 4248 illam
349 4181 572 4267 quaestionem
596 4181 732 4266 negavit
756 4180 793 4246 G.
810 4179 955 4265 Dzialas,
978 4180 1132 4244 rhetorum
1154 4181 1235 4243 oreti·

21 4279 23 4334 1
72 4309 195 4369 pomum
217 4293 253 4356 de
275 4293 386 4373 {tyaris
408 4289 563 4373 doctrino,
581 4287 757 4353 Vratislav.
775 4287 860 4352 1869
875 4311 905 4372 p.
924 4286 978 4371 15,
996 4284 1234 4361 Quintilianum

21 4457 22 4462 ,
71 4398 148 4462 enim
172 4421 238 4463 non
271 4396 392 4480 dicere,
422 4417 486 4480 quo
516 4394 648 4459 nomine
679 4394 838 4480 appellari
861 4393 941 4458 velit
971 4392 1112 4476 speciem
1141 4392 1234 4458 illem

21 4489 22 4514 ¹
70 4504 295 4588 synecdoches,
318 4505 416 4587 atque
438 4501 547 4568 verbis
570 4501 654 4583 qood
673 4500 850 4566 intersitio
868 4497 1131 4580 ellipsisoocotur
1154 4497 1235 4562 dilu-
