3152 5222
694 485 1024 569 '-34-

329 667 494 733 saeculum
536 665 704 730 durabant.
757 664 796 729 ln
834 664 1035 729 Minervae
1072 664 1399 749 v01.11p.1-413
1436 661 1495 749 (ed.

329 772 364 839 O.
380 771 417 838 Ιι.
431 771 539 838 Bauer
564 767 663 858 1801)
692 771 831 856 ineptias
860 793 935 836 suas
965 771 1145 855 proposuit.
1190 768 1359 836 Summum
1389 775 1493 835 autem

328 880 444 945 vitium
475 901 514 944 ex
542 899 605 963 quo
635 881 743 943 cetera
768 881 848 942 nata
878 882 954 942 sunt
985 876 1133 962 admisit,
1163 877 1248 962 quod
1278 877 1401 962 figuras
1426 898 1494 942 eon·

328 985 525 1070 structionis,
548 984 665 1069 quibus
688 984 880 1050 adnumerat
904 984 1048 1069 ellipsin,
1071 983 1268 1048 anomaliam
1296 1005 1367 1048 esse
1393 983 1496 1066 iussit,

328 1114 401 1156 cum
424 1114 484 1157 nos
508 1090 740 1156 contendamus
768 1092 889 1175 figuras
918 1111 988 1156 esse
1011 1090 1115 1156 iustas
1138 1089 1296 1155 orationis
1318 1090 1441 1154 formas
1459 1111 1495 1154 ex

327 1198 408 1283 ipsis
430 1199 564 1282 linguae
583 1197 711 1282 legibus
731 1197 864 1283 eiusque
879 1197 1022 1282 ingenio,
1044 1201 1082 1262 ut
1098 1196 1147 1261 ita
1163 1196 1278 1281 dicam,
1301 1196 1495 1281 progenitas.

328 1304 398 1381 Quo
420 1304 544 1370 factum
568 1308 627 1389 est,
651 1309 689 1368 ut
711 1304 842 1369 doceret
864 1302 987 1388 ellipsin
1010 1324 1071 1369 esse
1092 1303 1240 1384 rtefmtmn
1263 1303 1308 1368 vel
1329 1301 1497 1367 dictionum

326 1412 371 1476 od
392 1411 561 1494 lepttirnorn
591 1415 856 1496 constructionem,
883 1410 903 1476 i.
933 1432 958 1475 e.
987 1410 1195 1496 illegitimam
1219 1414 1317 1494 atque
1344 1408 1496 1474 vitiosam

327 1516 485 1582 orationis
504 1515 653 1582 formam.
690 1516 856 1592 Quaenam
876 1520 926 1582 est
945 1517 1143 1582 constructio
1157 1516 1307 1600 legitima
1325 1537 1363 1582 ex
1375 1513 1497 1580 Sanctii

224 1629 228 1642 “
326 1623 495 1689 doctrina?
542 1623 702 1708 Exempla
725 1645 838 1690 omnes
861 1624 895 1689 in
918 1625 1003 1690 hane
1031 1623 1254 1709 quaestionem
1282 1622 1497 1706 inquisituros

326 1729 488 1795 docebunt
511 1751 582 1794 earn
606 1751 691 1815 esse,
715 1753 779 1815 qua
802 1753 954 1815 expresse
976 1729 1182 1815 propriisque
1209 1729 1317 1794 verbis
1341 1728 1498 1811 dicantur,

326 1858 535 1922 quaeeunque
550 1835 590 1900 ab
608 1841 737 1901 oratore
757 1836 949 1922 cogitentur,
968 1837 1015 1902 ita
1029 1839 1066 1901 ut
1079 1837 1261 1902 necessario
1276 1835 1499 1921 suppleantur,

325 1965 407 2028 quae
437 1946 547 2008 orator
577 1943 736 2027 cogitavit
765 1942 910 2029 quidem,
940 1944 996 2008 sed
1026 1944 1175 2009 consulto
1206 1941 1395 2028 suppressit.
1442 1939 1497 2005 Ni-

325 2049 443 2114 mirum
466 2049 533 2114 tale
556 2054 765 2134 praeceptum
783 2050 881 2133 plane
900 2050 1090 2134 ambiguum
1110 2048 1277 2115 Sanctium
1296 2071 1334 2114 eo
1353 2048 1498 2132 adduxit,

324 2159 428 2222 ut-
452 2156 538 2241 quod
563 2156 701 2241 exempli
726 2177 823 2220 causa
843 2178 881 2220 ex
900 2158 1013 2222 multis
1039 2157 1201 2222 erroribus
1220 2157 1273 2220 hic
1296 2159 1440 2240 ponatur
1459 2191 1494 2202 -·

324 2285 458 2328 casuum
482 2267 656 2347 syntaxeos
681 2263 856 2327 maximam
880 2267 1008 2348 partem
1027 2264 1123 2348 plane
1143 2265 1251 2349 inepte
1270 2262 1498 2345 conformaret,

324 2371 487 2456 quianon
521 2370 625 2454 ipsam
661 2391 793 2434 casuum
816 2369 883 2433 vim
915 2371 1096 2455 perspicere
1127 2369 1268 2455 studuit,
1300 2369 1356 2433 sed
1383 2391 1496 2434 eorum

323 2476 595 2562 significationem
628 2475 803 2541 omissione
834 2476 1114 2560 praepositionum
1146 2476 1240 2561 quasi
1272 2476 1306 2539 in
1337 2476 1498 2541 auxilium
1562 2531 1563 2538 ,

324 2588 438 2649 vocata
452 2583 648 2666 explanavit.
685 2581 732 2647 Ut
745 2581 807 2646 hoc
821 2604 921 2646 unum
936 2583 1077 2668 afferam,
1100 2582 1285 2670 genetivum
1303 2582 1497 2667 partitivum

322 2689 461 2776 pendere
480 2711 518 2753 ex
538 2689 667 2752 omissis
686 2688 823 2753 vocibus·
840 2711 1047 2755 annumero
1068 2687 1164 2776 (cip.
1179 2686 1236 2776 25)
1256 2689 1379 2774 docuit,
1397 2691 1498 2756 verba

322 2796 553 2881 impersonalia
565 2817 630 2859 non
646 2817 716 2860 esse
728 2794 968 2882 impersonalia,
979 2798 1036 2863 sed
1049 2797 1169 2882 ubique
1181 2796 1319 2861 subiecti
1328 2797 1498 2862 notionem
1561 2857 1562 2860 ,

323 2925 393 2969 esse
421 2901 647 2988 supplendam:
675 2907 713 2967 ut
739 2902 843 2987 pluit
870 2925 930 2987 pro
958 2902 1091 2987 pluvia
1118 2903 1223 2987 pluit
1249 2903 1315 2988 vel,
1344 2903 1420 2988 quia
1449 2906 1498 2969 in-

322 3009 495 3075 transitiva
522 3008 622 3073 verba
649 3008 758 3093 ellipsi
785 3009 987 3092 pronominis
1016 3032 1057 3075 se
1081 3014 1190 3075 essent
1213 3014 1285 3075 orta
1308 3033 1346 3075 ex
1375 3011 1497 3076 transi·

321 3116 414 3201 tivis,
441 3137 501 3199 pro
524 3115 662 3199 pluvia
685 3136 726 3179 se
748 3114 854 3200 pluit
877 3111 930 3200 (cf.
941 3121 974 3200 p.
994 3113 1091 3203 29).*
1137 3115 1208 3180 Hac
1230 3121 1340 3181 autem
1368 3117 1497 3183 ratione
1560 3149 1561 3166 π

410 3271 425 3304 *
448 3270 515 3326 Sine
543 3268 630 3325 dubio
659 3269 797 3324 eiusmodi
825 3271 912 3325 verba
940 3271 1078 3342 originem
1105 3275 1250 3328 traxerunt
1277 3290 1311 3328 ex
1338 3289 1384 3342 eo,
1417 3275 1497 3342 quod

321 3359 449 3416 homines
468 3358 633 3431 posthabita
656 3358 834 3428 quaestione,
854 3359 916 3429 quis
943 3364 1030 3429 esset,
1054 3361 1102 3430 qui
1130 3364 1246 3416 naturae
1274 3361 1350 3416 vices
1374 3367 1497 3432 regeret,

321 3467 355 3504 ea
368 3449 544 3517 invenerunt,
559 3450 591 3503 ut
605 3447 773 3519 simpliciter
786 3452 903 3505 naturae
918 3449 998 3520 quasi
1012 3453 1144 3521 portenta
1157 3450 1349 3505 describerent
1362 3452 1404 3518 (ut
1417 3453 1498 3522 apud
1559 3479 1560 3492 π

322 3539 475 3594 Germanos
492 3537 596 3593 dicitur
614 3554 646 3593 es
664 3539 779 3594 donnert
798 3537 883 3608 sim.);
903 3555 993 3609 neque
1013 3556 1047 3594 ex
1065 3555 1098 3593 eo
1118 3539 1192 3608 quod
1211 3541 1310 3609 postea
1324 3538 1360 3594 ab
1373 3530 1497 3596 homini·

319 3627 373 3682 bus
391 3627 482 3698 magis
501 3625 619 3682 eruditis
634 3645 697 3682 curn
713 3627 807 3683 verbis
822 3627 866 3682 his
882 3627 1003 3684 subiecti
1021 3628 1084 3683 loco
1100 3629 1215 3682 deorum
1233 3628 1348 3683 nomina
1364 3627 1497 3700 aliaeque

321 3715 451 3771 notiones
470 3718 512 3783 (ut
531 3717 644 3785 caelum,
663 3717 720 3771 dies
738 3716 811 3786 sim.)
826 3715 976 3772 coniuncta
994 3719 1071 3784 sunt,
1090 3717 1131 3772 ita
1149 3721 1181 3772 ut
1199 3716 1257 3772 vim
1276 3717 1497 3787 impersonalem

320 3804 404 3874 plane
429 3803 603 3871 amitterent,
622 3807 717 3874 potest
741 3805 884 3873 concludi,
912 3806 988 3874 quod
1011 3805 1179 3860 novissimus
1205 3805 1274 3861 lecit
1292 3807 1497 3876 grammaticus

320 3891 435 3946 Latinus
454 3891 486 3948 R.
506 3891 646 3946 thner
664 3892 694 3946 in
713 3894 768 3948 vol.
783 3893 809 3946 Il
823 3911 850 3962 p.
866 3899 891 3961 3,
911 3909 928 3946 a
947 3893 1130 3964 scriptoribus
1149 3893 1291 3949 veteribus
1316 3894 1385 3949 haec
1405 3897 1498 3951 verba

320 3981 434 4036 omnino
453 3996 508 4034 non
527 3979 583 4034 nisi
599 3983 631 4034 ut
649 3980 809 4051 personalia
827 3998 888 4037 esse
911 3985 1058 4052 usurpata,
1082 3981 1124 4036 ita
1147 3986 1178 4037 ut
1201 3981 1250 4037 ubi
1274 3981 1430 4038 subiectum
1456 3986 1497 4040 ab

320 4069 355 4124 iis
379 4068 507 4123 additum
530 4085 585 4123 non
609 4071 696 4136 esset,
720 4068 828 4138 ellipsis
851 4073 1029 4127 statueretur.
1066 4071 1127 4126 Hoc
1152 4075 1229 4128 recte
1257 4088 1286 4126 re
1313 4089 1369 4126 non
1396 4072 1496 4132 habet.
1557 4089 1558 4102 ¹

320 4158 392 4212 Nam
411 4157 527 4213 licentia
545 4157 631 4213 verba
653 4160 751 4211 nostra
773 4158 959 4228 personaliter
982 4161 1162 4215 construendi
1180 4177 1235 4216 non
1256 4159 1350 4230 coegit
1373 4163 1496 4232 veteres,

320 4249 352 4299 ut
374 4245 478 4315 ubique
502 4263 563 4302 eam
586 4249 754 4301 structuram
776 4244 950 4302 adhiberent.
988 4248 1086 4318 ltaque
1110 4267 1195 4304 eausa
1216 4266 1273 4303 non
1298 4252 1357 4316 est,
1381 4265 1430 4304 eur
1457 4251 1496 4305 iis

319 4327 403 4401 locis,¹
413 4334 462 4389 ubi
481 4334 602 4390 subiecti
615 4334 730 4390 notione
744 4333 795 4388 illa
809 4337 918 4404 carent,
938 4335 1051 4406 ellipsin
1067 4340 1233 4406 statuamus,
1248 4336 1414 4407 praesertim
1429 4357 1496 4394 cum
1556 4357 1557 4364 ¹

320 4422 355 4476 ab
375 4420 422 4489 iis,
442 4423 534 4490 quiin
549 4423 710 4479 universum
728 4422 764 4478 de
779 4422 927 4479 verborum
941 4424 1168 4495 impersonalium
1183 4425 1293 4481 ratione
1307 4429 1498 4496 grammatica
1556 4419 1557 4432 ²

319 4525 453 4580 quaerere
471 4511 579 4579 volunt,
598 4511 730 4582 ellipseos
749 4511 910 4568 adiumento
929 4531 1042 4584 prorsus
1061 4514 1195 4570 abstineri
1214 4532 1285 4586 opus
1304 4515 1349 4570 sit.
