<?xml version="1.0" encoding="UTF-8"?>
<!DOCTYPE html PUBLIC "-//W3C//DTD XHTML 1.0 Transitional//EN"
    "http://www.w3.org/TR/xhtml1/DTD/xhtml1-transitional.dtd">
<html xmlns="http://www.w3.org/1999/xhtml" xml:lang="en" lang="en">
 <head>
  <title>
</title>
<meta http-equiv="Content-Type" content="text/html;charset=utf-8" />
  <meta name='ocr-system' content='tesseract 3.04.00' />
  <meta name='ocr-capabilities' content='ocr_page ocr_carea ocr_par ocr_line ocrx_word'/>
</head>
<body>
  <div class='ocr_page' id='page_1' title='image "./debreviloquenti01clemgoog_0048.png"; bbox 0 0 3152 5222; ppageno 0'>
   <div class='ocr_carea' id='block_1_1' title="bbox 569 419 787 483">
    <p class='ocr_par' dir='ltr' id='par_1_1' title="bbox 569 419 787 483">
     <span class='ocr_line' id='line_1_1' title="bbox 569 419 787 483; baseline 0.009 -19"><span class='ocrx_word' id='word_1_1' title='bbox 569 419 787 483; x_wconf 73' lang='lat'>..39-</span> 
     </span>
    </p>
   </div>
   <div class='ocr_carea' id='block_1_2' title="bbox 28 513 1388 4504">
    <p class='ocr_par' dir='ltr' id='par_1_2' title="bbox 28 513 1388 4504">
     <span class='ocr_line' id='line_1_2' title="bbox 28 513 1262 664; baseline 0.006 -27"><span class='ocrx_word' id='word_1_2' title='bbox 28 513 30 630; x_wconf 88' lang='lat' dir='ltr'>l</span> <span class='ocrx_word' id='word_1_3' title='bbox 115 569 167 640; x_wconf 75' lang='grc' dir='ltr'>διὸ</span> <span class='ocrx_word' id='word_1_4' title='bbox 186 576 296 640; x_wconf 84' lang='grc' dir='ltr'><strong><em>κοινοῦ</em></strong></span> <span class='ocrx_word' id='word_1_5' title='bbox 319 572 384 660; x_wconf 82' lang='grc' dir='ltr'>γὰρ</span> <span class='ocrx_word' id='word_1_6' title='bbox 407 571 453 641; x_wconf 80' lang='grc' dir='ltr'>ἐπ’</span> <span class='ocrx_word' id='word_1_7' title='bbox 464 575 611 654; x_wconf 79' lang='grc' dir='ltr'><strong><em>ἐκείνους</em></strong></span> <span class='ocrx_word' id='word_1_8' title='bbox 633 575 695 663; x_wconf 77' lang='grc' dir='ltr'>μὲν</span> <span class='ocrx_word' id='word_1_9' title='bbox 718 573 961 664; x_wconf 76' lang='grc' dir='ltr'><strong><em>τὸ-,,ᾔτησεν“,</em></strong></span> <span class='ocrx_word' id='word_1_10' title='bbox 992 577 1044 644; x_wconf 72' lang='grc' dir='ltr'><strong><em>ἐστὶ</em></strong></span> <span class='ocrx_word' id='word_1_11' title='bbox 1073 575 1195 645; x_wconf 85' lang='grc' dir='ltr'><strong><em>τούτου</em></strong></span> <span class='ocrx_word' id='word_1_12' title='bbox 1225 576 1262 645; x_wconf 74' lang='grc' dir='ltr'>δὲ</span> 
     </span>
     <span class='ocr_line' id='line_1_3' title="bbox 28 643 1262 771; baseline 0.006 -28"><span class='ocrx_word' id='word_1_13' title='bbox 28 643 30 716; x_wconf 75' lang='lat' dir='ltr'>l</span> <span class='ocrx_word' id='word_1_14' title='bbox 108 675 145 744; x_wconf 83' lang='grc' dir='ltr'>τὸ</span> <span class='ocrx_word' id='word_1_15' title='bbox 160 680 320 765; x_wconf 77' lang='grc' dir='ltr'><strong><em>,,ε’1ι’σσετο</em></strong></span> <span class='ocrx_word' id='word_1_16' title='bbox 331 681 357 746; x_wconf 84' lang='lat'>“.</span> <span class='ocrx_word' id='word_1_17' title='bbox 374 720 414 730; x_wconf 89' lang='lat'>-</span> <span class='ocrx_word' id='word_1_18' title='bbox 432 682 604 749; x_wconf 90' lang='lat' dir='ltr'>Praeterea</span> <span class='ocrx_word' id='word_1_19' title='bbox 620 684 685 750; x_wconf 90' lang='lat' dir='ltr'>huc</span> <span class='ocrx_word' id='word_1_20' title='bbox 702 686 845 770; x_wconf 89' lang='lat' dir='ltr'>pertinet</span> <span class='ocrx_word' id='word_1_21' title='bbox 863 684 1088 751; x_wconf 89' lang='lat' dir='ltr'>Herodiani</span> <span class='ocrx_word' id='word_1_22' title='bbox 1107 684 1262 771; x_wconf 89' lang='lat' dir='ltr'>definitio,</span> 
     </span>
     <span class='ocr_line' id='line_1_4' title="bbox 28 779 1172 878; baseline 0.006 -27"><span class='ocrx_word' id='word_1_23' title='bbox 28 779 30 800; x_wconf 89' lang='lat'>&#39;</span> <span class='ocrx_word' id='word_1_24' title='bbox 114 809 180 870; x_wconf 82' lang='lat' dir='ltr'>quae</span> <span class='ocrx_word' id='word_1_25' title='bbox 202 787 318 873; x_wconf 90' lang='lat' dir='ltr'>legitur</span> <span class='ocrx_word' id='word_1_26' title='bbox 341 811 392 872; x_wconf 84' lang='lat' dir='ltr'>ap.</span> <span class='ocrx_word' id='word_1_27' title='bbox 409 788 513 854; x_wconf 84' lang='lat' dir='ltr'>Walz.</span> <span class='ocrx_word' id='word_1_28' title='bbox 532 789 611 856; x_wconf 84' lang='lat' dir='ltr'>VIII</span> <span class='ocrx_word' id='word_1_29' title='bbox 627 815 657 876; x_wconf 92' lang='lat' dir='ltr'>p.</span> <span class='ocrx_word' id='word_1_30' title='bbox 672 791 747 876; x_wconf 84' lang='lat'>594,</span> <span class='ocrx_word' id='word_1_31' title='bbox 770 789 921 878; x_wconf 84' lang='lat' dir='ltr'>Spengel.</span> <span class='ocrx_word' id='word_1_32' title='bbox 936 793 987 857; x_wconf 91' lang='lat' dir='ltr'>III</span> <span class='ocrx_word' id='word_1_33' title='bbox 1002 816 1032 877; x_wconf 92' lang='lat' dir='ltr'>p.</span> <span class='ocrx_word' id='word_1_34' title='bbox 1046 793 1100 878; x_wconf 85' lang='lat'>94,</span> <span class='ocrx_word' id='word_1_35' title='bbox 1115 793 1172 858; x_wconf 76' lang='lat'>17:</span> 
     </span>
     <span class='ocr_line' id='line_1_5' title="bbox 184 888 1261 986; baseline 0.006 -28"><span class='ocrx_word' id='word_1_36' title='bbox 184 888 244 958; x_wconf 79' lang='grc' dir='ltr'>ἀπὸ</span> <span class='ocrx_word' id='word_1_37' title='bbox 258 895 376 960; x_wconf 83' lang='grc' dir='ltr'><strong><em>κοινοῦ</em></strong></span> <span class='ocrx_word' id='word_1_38' title='bbox 393 893 454 979; x_wconf 81' lang='grc' dir='ltr'>μέν</span> <span class='ocrx_word' id='word_1_39' title='bbox 469 895 537 960; x_wconf 80' lang='grc' dir='ltr'><strong><em>ἐστι</em></strong></span> <span class='ocrx_word' id='word_1_40' title='bbox 552 893 663 979; x_wconf 81' lang='grc' dir='ltr'><strong><em>λόγων</em></strong></span> <span class='ocrx_word' id='word_1_41' title='bbox 678 895 832 982; x_wconf 76' lang='grc' dir='ltr'><strong><em>συνέχεια</em></strong></span> <span class='ocrx_word' id='word_1_42' title='bbox 847 899 883 963; x_wconf 83' lang='grc' dir='ltr'>ἐν</span> <span class='ocrx_word' id='word_1_43' title='bbox 901 899 1035 986; x_wconf 78' lang='grc' dir='ltr'><strong><em>διανοίᾳ</em></strong></span> <span class='ocrx_word' id='word_1_44' title='bbox 1048 899 1261 964; x_wconf 82' lang='grc' dir='ltr'><strong><em>κοινωνοῦσα</em></strong></span> 
     </span>
     <span class='ocr_line' id='line_1_6' title="bbox 28 993 1261 1090; baseline 0.006 -27"><span class='ocrx_word' id='word_1_45' title='bbox 28 1019 29 1030; x_wconf 69' lang='grc'>’</span> <span class='ocrx_word' id='word_1_46' title='bbox 111 993 148 1076; x_wconf 79' lang='grc' dir='ltr'>ὡς</span> <span class='ocrx_word' id='word_1_47' title='bbox 165 999 211 1066; x_wconf 85' lang='grc' dir='ltr'><strong><em>εἰιὶ</em></strong></span> <span class='ocrx_word' id='word_1_48' title='bbox 232 997 269 1066; x_wconf 88' lang='grc' dir='ltr'>τὸ</span> <span class='ocrx_word' id='word_1_49' title='bbox 292 1005 450 1068; x_wconf 76' lang='grc' dir='ltr'><strong><em>πλεῖστον</em></strong></span> <span class='ocrx_word' id='word_1_50' title='bbox 475 999 550 1080; x_wconf 83' lang='grc' dir='ltr'><strong><em>ἑνὸς</em></strong></span> <span class='ocrx_word' id='word_1_51' title='bbox 573 999 719 1087; x_wconf 77' lang='grc' dir='ltr'><strong><em>ῥήματος</em></strong></span> <span class='ocrx_word' id='word_1_52' title='bbox 744 1007 791 1081; x_wconf 84' lang='grc' dir='ltr'><strong><em>εἰς</em></strong></span> <span class='ocrx_word' id='word_1_53' title='bbox 816 1003 1028 1084; x_wconf 78' lang='grc' dir='ltr'><strong><em>συντέλειαν,</em></strong></span> <span class='ocrx_word' id='word_1_54' title='bbox 1052 997 1126 1070; x_wconf 88' lang='grc' dir='ltr'><strong><em>οἷον</em></strong></span> <span class='ocrx_word' id='word_1_55' title='bbox 1141 1010 1175 1071; x_wconf 94' lang='lat' dir='ltr'>et</span> <span class='ocrx_word' id='word_1_56' title='bbox 1188 1027 1219 1090; x_wconf 91' lang='lat' dir='ltr'>q.</span> <span class='ocrx_word' id='word_1_57' title='bbox 1235 1028 1261 1072; x_wconf 88' lang='lat' dir='ltr'>a.</span> 
     </span>
     <span class='ocr_line' id='line_1_7' title="bbox 111 1104 1261 1196; baseline 0.005 -26"><span class='ocrx_word' id='word_1_58' title='bbox 111 1104 252 1191; x_wconf 86' lang='lat' dir='ltr'>(sequitur</span> <span class='ocrx_word' id='word_1_59' title='bbox 274 1109 472 1194; x_wconf 84' lang='lat' dir='ltr'>exemplum,</span> <span class='ocrx_word' id='word_1_60' title='bbox 496 1110 582 1194; x_wconf 89' lang='lat' dir='ltr'>quod</span> <span class='ocrx_word' id='word_1_61' title='bbox 610 1111 707 1176; x_wconf 89' lang='lat' dir='ltr'>modo</span> <span class='ocrx_word' id='word_1_62' title='bbox 735 1113 821 1196; x_wconf 88' lang='lat' dir='ltr'>apud</span> <span class='ocrx_word' id='word_1_63' title='bbox 844 1109 1261 1178; x_wconf 79' lang='lat' dir='ltr'>Pseudo-Choeroboscum</span> 
     </span>
     <span class='ocr_line' id='line_1_8' title="bbox 28 1209 1259 1303; baseline 0.006 -28"><span class='ocrx_word' id='word_1_64' title='bbox 28 1263 29 1288; x_wconf 77' lang='lat'>,</span> <span class='ocrx_word' id='word_1_65' title='bbox 109 1213 294 1301; x_wconf 83' lang='lat' dir='ltr'>invenimus).</span> <span class='ocrx_word' id='word_1_66' title='bbox 332 1215 444 1280; x_wconf 75' lang='lat' dir='ltr'>&#39;l’rium</span> <span class='ocrx_word' id='word_1_67' title='bbox 468 1217 584 1281; x_wconf 88' lang='lat' dir='ltr'>harum</span> <span class='ocrx_word' id='word_1_68' title='bbox 608 1209 833 1283; x_wconf 87' lang='lat' dir='ltr'>definitionum</span> <span class='ocrx_word' id='word_1_69' title='bbox 855 1218 1022 1303; x_wconf 90' lang='lat' dir='ltr'>proprium</span> <span class='ocrx_word' id='word_1_70' title='bbox 1047 1222 1106 1303; x_wconf 89' lang='lat' dir='ltr'>est,</span> <span class='ocrx_word' id='word_1_71' title='bbox 1129 1222 1167 1283; x_wconf 93' lang='lat' dir='ltr'>ut</span> <span class='ocrx_word' id='word_1_72' title='bbox 1189 1239 1259 1283; x_wconf 85' lang='lat' dir='ltr'>ver·</span> 
     </span>
     <span class='ocr_line' id='line_1_9' title="bbox 28 1319 1260 1409; baseline 0.006 -28"><span class='ocrx_word' id='word_1_73' title='bbox 28 1349 30 1404; x_wconf 79' lang='lat'>,</span> <span class='ocrx_word' id='word_1_74' title='bbox 110 1319 173 1384; x_wconf 89' lang='lat' dir='ltr'>bum</span> <span class='ocrx_word' id='word_1_75' title='bbox 193 1321 232 1386; x_wconf 85' lang='lat' dir='ltr'>ad</span> <span class='ocrx_word' id='word_1_76' title='bbox 254 1345 355 1386; x_wconf 88' lang='lat' dir='ltr'>unum</span> <span class='ocrx_word' id='word_1_77' title='bbox 379 1323 541 1388; x_wconf 89' lang='lat' dir='ltr'>enuntiati</span> <span class='ocrx_word' id='word_1_78' title='bbox 563 1324 744 1389; x_wconf 90' lang='lat' dir='ltr'>membrum</span> <span class='ocrx_word' id='word_1_79' title='bbox 768 1325 911 1409; x_wconf 89' lang='lat' dir='ltr'>positum</span> <span class='ocrx_word' id='word_1_80' title='bbox 935 1325 977 1388; x_wconf 91' lang='lat' dir='ltr'>ad</span> <span class='ocrx_word' id='word_1_81' title='bbox 1000 1327 1105 1389; x_wconf 89' lang='lat' dir='ltr'>cetera</span> <span class='ocrx_word' id='word_1_82' title='bbox 1126 1345 1260 1408; x_wconf 85' lang='lat' dir='ltr'>prorsus</span> 
     </span>
     <span class='ocr_line' id='line_1_10' title="bbox 28 1407 1388 1524; baseline 0.005 -37"><span class='ocrx_word' id='word_1_83' title='bbox 28 1407 29 1438; x_wconf 55' lang='lat'>¹</span> <span class='ocrx_word' id='word_1_84' title='bbox 110 1425 204 1492; x_wconf 85' lang='lat' dir='ltr'>eadem</span> <span class='ocrx_word' id='word_1_85' title='bbox 233 1432 265 1494; x_wconf 91' lang='lat' dir='ltr'>et</span> <span class='ocrx_word' id='word_1_86' title='bbox 295 1429 534 1515; x_wconf 90' lang='lat' dir='ltr'>significatione</span> <span class='ocrx_word' id='word_1_87' title='bbox 571 1435 604 1496; x_wconf 94' lang='lat' dir='ltr'>et</span> <span class='ocrx_word' id='word_1_88' title='bbox 639 1430 745 1496; x_wconf 85' lang='lat' dir='ltr'>forma</span> <span class='ocrx_word' id='word_1_89' title='bbox 780 1429 925 1516; x_wconf 89' lang='lat' dir='ltr'>suppleri</span> <span class='ocrx_word' id='word_1_90' title='bbox 955 1431 1099 1496; x_wconf 87' lang='lat' dir='ltr'>iubeant.</span> <span class='ocrx_word' id='word_1_91' title='bbox 1145 1429 1260 1494; x_wconf 82' lang='lat' dir='ltr'>Paullo</span> <span class='ocrx_word' id='word_1_92' title='bbox 1387 1521 1388 1524; x_wconf 7' lang='grc' dir='ltr'><strong>Ἴ</strong></span> 
     </span>
     <span class='ocr_line' id='line_1_11' title="bbox 28 1529 1260 1622; baseline 0.006 -27"><span class='ocrx_word' id='word_1_93' title='bbox 28 1529 30 1560; x_wconf 58' lang='lat'><em>¹</em></span> <span class='ocrx_word' id='word_1_94' title='bbox 109 1531 189 1598; x_wconf 82' lang='lat' dir='ltr'>aliter</span> <span class='ocrx_word' id='word_1_95' title='bbox 200 1557 266 1599; x_wconf 89' lang='lat' dir='ltr'>rem</span> <span class='ocrx_word' id='word_1_96' title='bbox 280 1534 344 1600; x_wconf 89' lang='lat' dir='ltr'>sibi</span> <span class='ocrx_word' id='word_1_97' title='bbox 363 1536 459 1600; x_wconf 86' lang='lat' dir='ltr'>finxit</span> <span class='ocrx_word' id='word_1_98' title='bbox 472 1536 677 1622; x_wconf 81' lang='lat' dir='ltr'>Tiberine,</span> <span class='ocrx_word' id='word_1_99' title='bbox 693 1537 758 1622; x_wconf 91' lang='lat' dir='ltr'>qui,</span> <span class='ocrx_word' id='word_1_100' title='bbox 777 1539 840 1604; x_wconf 91' lang='lat' dir='ltr'>etsi</span> <span class='ocrx_word' id='word_1_101' title='bbox 858 1537 1023 1622; x_wconf 83' lang='lat' dir='ltr'>propriam</span> <span class='ocrx_word' id='word_1_102' title='bbox 1039 1537 1260 1602; x_wconf 89' lang='lat' dir='ltr'>definitionem</span> 
     </span>
     <span class='ocr_line' id='line_1_12' title="bbox 108 1642 1261 1728; baseline 0.004 -26"><span class='ocrx_word' id='word_1_103' title='bbox 108 1661 163 1703; x_wconf 90' lang='lat' dir='ltr'>non</span> <span class='ocrx_word' id='word_1_104' title='bbox 183 1643 363 1727; x_wconf 87' lang='lat' dir='ltr'>proposuit,</span> <span class='ocrx_word' id='word_1_105' title='bbox 382 1647 492 1708; x_wconf 89' lang='lat' dir='ltr'>tamen</span> <span class='ocrx_word' id='word_1_106' title='bbox 511 1643 659 1728; x_wconf 86' lang='lat' dir='ltr'>exemplo</span> <span class='ocrx_word' id='word_1_107' title='bbox 683 1644 769 1728; x_wconf 89' lang='lat' dir='ltr'>quod</span> <span class='ocrx_word' id='word_1_108' title='bbox 788 1644 902 1709; x_wconf 82' lang='lat' dir='ltr'>attulit</span> <span class='ocrx_word' id='word_1_109' title='bbox 924 1643 1077 1709; x_wconf 72' lang='lat' dir='ltr'>certiores</span> <span class='ocrx_word' id='word_1_110' title='bbox 1100 1665 1159 1708; x_wconf 89' lang='lat' dir='ltr'>nos</span> <span class='ocrx_word' id='word_1_111' title='bbox 1183 1642 1261 1708; x_wconf 85' lang='lat' dir='ltr'>fecit</span> 
     </span>
     <span class='ocr_line' id='line_1_13' title="bbox 28 1745 1260 1842; baseline 0.003 -34"><span class='ocrx_word' id='word_1_112' title='bbox 28 1813 29 1842; x_wconf 15' lang='grc' dir='ltr'><strong><em>ᾖ</em></strong></span> <span class='ocrx_word' id='word_1_113' title='bbox 108 1747 295 1814; x_wconf 78' lang='lat' dir='ltr'>aveteribus</span> <span class='ocrx_word' id='word_1_114' title='bbox 320 1749 421 1814; x_wconf 89' lang='lat' dir='ltr'>etiam</span> <span class='ocrx_word' id='word_1_115' title='bbox 452 1749 492 1814; x_wconf 88' lang='lat' dir='ltr'>ad</span> <span class='ocrx_word' id='word_1_116' title='bbox 522 1751 662 1834; x_wconf 89' lang='lat' dir='ltr'>figuram</span> <span class='ocrx_word' id='word_1_117' title='bbox 686 1745 751 1816; x_wconf 78' lang='grc' dir='ltr'>ἀπὸ</span> <span class='ocrx_word' id='word_1_118' title='bbox 774 1751 893 1816; x_wconf 84' lang='grc' dir='ltr'><strong><em>κοινοῦ</em></strong></span> <span class='ocrx_word' id='word_1_119' title='bbox 922 1750 1061 1816; x_wconf 87' lang='lat' dir='ltr'>relatam</span> <span class='ocrx_word' id='word_1_120' title='bbox 1089 1772 1160 1816; x_wconf 90' lang='lat' dir='ltr'>esse</span> <span class='ocrx_word' id='word_1_121' title='bbox 1189 1771 1260 1814; x_wconf 91' lang='lat' dir='ltr'>eam</span> 
     </span>
     <span class='ocr_line' id='line_1_14' title="bbox 28 1851 1260 1942; baseline 0.005 -28"><span class='ocrx_word' id='word_1_122' title='bbox 28 1885 29 1924; x_wconf 69' lang='lat'>3</span> <span class='ocrx_word' id='word_1_123' title='bbox 107 1851 216 1918; x_wconf 91' lang='lat' dir='ltr'>dicendi</span> <span class='ocrx_word' id='word_1_124' title='bbox 226 1855 376 1940; x_wconf 83' lang='lat' dir='ltr'>formam,</span> <span class='ocrx_word' id='word_1_125' title='bbox 388 1877 453 1940; x_wconf 90' lang='lat' dir='ltr'>qua</span> <span class='ocrx_word' id='word_1_126' title='bbox 467 1880 505 1923; x_wconf 84' lang='lat' dir='ltr'>ex</span> <span class='ocrx_word' id='word_1_127' title='bbox 517 1857 617 1922; x_wconf 82' lang='lat' dir='ltr'>verbo</span> <span class='ocrx_word' id='word_1_128' title='bbox 633 1856 672 1921; x_wconf 85' lang='lat' dir='ltr'>ad</span> <span class='ocrx_word' id='word_1_129' title='bbox 688 1879 791 1926; x_wconf 90' lang='lat' dir='ltr'>unum</span> <span class='ocrx_word' id='word_1_130' title='bbox 802 1857 1006 1922; x_wconf 90' lang='lat' dir='ltr'>enuntiatum</span> <span class='ocrx_word' id='word_1_131' title='bbox 1017 1856 1161 1942; x_wconf 89' lang='lat' dir='ltr'>positum</span> <span class='ocrx_word' id='word_1_132' title='bbox 1174 1855 1260 1920; x_wconf 89' lang='lat' dir='ltr'>idem</span> 
     </span>
     <span class='ocr_line' id='line_1_15' title="bbox 28 1959 1260 2049; baseline 0.008 -33"><span class='ocrx_word' id='word_1_133' title='bbox 28 1999 29 2016; x_wconf 46' lang='grc' dir='ltr'><strong><em>τ</em></strong></span> <span class='ocrx_word' id='word_1_134' title='bbox 106 1959 224 2024; x_wconf 85' lang='lat' dir='ltr'>verbum</span> <span class='ocrx_word' id='word_1_135' title='bbox 245 1963 331 2046; x_wconf 89' lang='lat' dir='ltr'>pari</span> <span class='ocrx_word' id='word_1_136' title='bbox 355 1963 665 2049; x_wconf 88' lang='lat' dir='ltr'>significatione,</span> <span class='ocrx_word' id='word_1_137' title='bbox 694 1963 751 2029; x_wconf 89' lang='lat' dir='ltr'>sed</span> <span class='ocrx_word' id='word_1_138' title='bbox 781 1963 906 2029; x_wconf 86' lang='lat' dir='ltr'>forma</span> <span class='ocrx_word' id='word_1_139' title='bbox 933 1966 1085 2028; x_wconf 90' lang='lat' dir='ltr'>mutata</span> <span class='ocrx_word' id='word_1_140' title='bbox 1107 1963 1148 2028; x_wconf 88' lang='lat' dir='ltr'>ad</span> <span class='ocrx_word' id='word_1_141' title='bbox 1171 1961 1260 2028; x_wconf 87' lang='lat' dir='ltr'>aliud</span> 
     </span>
     <span class='ocr_line' id='line_1_16' title="bbox 106 2066 1260 2156; baseline 0.003 -28"><span class='ocrx_word' id='word_1_142' title='bbox 106 2066 281 2150; x_wconf 69' lang='lat' dir='ltr'>suppletur.r</span> <span class='ocrx_word' id='word_1_143' title='bbox 309 2069 415 2135; x_wconf 91' lang='lat' dir='ltr'>Docet</span> <span class='ocrx_word' id='word_1_144' title='bbox 440 2092 490 2155; x_wconf 88' lang='lat' dir='ltr'>ap.</span> <span class='ocrx_word' id='word_1_145' title='bbox 505 2070 607 2136; x_wconf 84' lang='lat' dir='ltr'>Walz.</span> <span class='ocrx_word' id='word_1_146' title='bbox 619 2070 700 2135; x_wconf 90' lang='lat' dir='ltr'>VIII</span> <span class='ocrx_word' id='word_1_147' title='bbox 723 2094 753 2155; x_wconf 91' lang='lat' dir='ltr'>p.</span> <span class='ocrx_word' id='word_1_148' title='bbox 761 2071 835 2156; x_wconf 80' lang='lat'>566,</span> <span class='ocrx_word' id='word_1_149' title='bbox 855 2069 1005 2155; x_wconf 82' lang='lat' dir='ltr'>Spengel.</span> <span class='ocrx_word' id='word_1_150' title='bbox 1019 2070 1070 2136; x_wconf 91' lang='grc' dir='ltr'>ΙΠ</span> <span class='ocrx_word' id='word_1_151' title='bbox 1084 2093 1114 2154; x_wconf 93' lang='lat' dir='ltr'>p.</span> <span class='ocrx_word' id='word_1_152' title='bbox 1130 2070 1181 2151; x_wconf 85' lang='grc'>76,</span> <span class='ocrx_word' id='word_1_153' title='bbox 1204 2069 1260 2133; x_wconf 80' lang='lat'>25:</span> 
     </span>
     <span class='ocr_line' id='line_1_17' title="bbox 28 2167 1260 2266; baseline 0.003 -32"><span class='ocrx_word' id='word_1_154' title='bbox 28 2195 29 2228; x_wconf 62' lang='grc' dir='ltr'><strong><em>ι</em></strong></span> <span class='ocrx_word' id='word_1_155' title='bbox 105 2167 135 2235; x_wconf 85' lang='grc' dir='ltr'>τὸ</span> <span class='ocrx_word' id='word_1_156' title='bbox 157 2169 190 2237; x_wconf 76' lang='grc' dir='ltr'>δὲ</span> <span class='ocrx_word' id='word_1_157' title='bbox 211 2168 273 2240; x_wconf 80' lang='grc' dir='ltr'>ἀπὸ</span> <span class='ocrx_word' id='word_1_158' title='bbox 294 2177 415 2241; x_wconf 86' lang='grc' dir='ltr'><strong><em>κοινοῦ</em></strong></span> <span class='ocrx_word' id='word_1_159' title='bbox 430 2171 550 2252; x_wconf 76' lang='grc' dir='ltr'><strong><em>οὕτως·</em></strong></span> <span class='ocrx_word' id='word_1_160' title='bbox 573 2174 653 2262; x_wconf 77' lang='lat' dir='ltr'>„nal</span> <span class='ocrx_word' id='word_1_161' title='bbox 671 2178 716 2264; x_wconf 76' lang='grc' dir='ltr'>τῷ</span> <span class='ocrx_word' id='word_1_162' title='bbox 737 2173 798 2260; x_wconf 70' lang='grc' dir='ltr'>μὲν</span> <span class='ocrx_word' id='word_1_163' title='bbox 812 2170 950 2264; x_wconf 77' lang='grc' dir='ltr'><strong><em>Εὐβαίῳ</em></strong></span> <span class='ocrx_word' id='word_1_164' title='bbox 969 2176 1015 2266; x_wconf 77' lang='grc' dir='ltr'>τῷ</span> <span class='ocrx_word' id='word_1_165' title='bbox 1033 2171 1093 2241; x_wconf 90' lang='grc' dir='ltr'>τὸν</span> <span class='ocrx_word' id='word_1_166' title='bbox 1109 2169 1260 2240; x_wconf 84' lang='grc' dir='ltr'><strong><em>Βοιωτὸν</em></strong></span> 
     </span>
     <span class='ocr_line' id='line_1_18' title="bbox 28 2273 1260 2370; baseline 0.004 -29"><span class='ocrx_word' id='word_1_167' title='bbox 28 2303 30 2352; x_wconf 63' lang='lat'>3</span> <span class='ocrx_word' id='word_1_168' title='bbox 105 2273 319 2347; x_wconf 78' lang='grc' dir='ltr'><strong><em>ἀποκτείναντι</em></strong></span> <span class='ocrx_word' id='word_1_169' title='bbox 343 2277 471 2367; x_wconf 80' lang='grc' dir='ltr'><strong><em>πολλὴν</em></strong></span> <span class='ocrx_word' id='word_1_170' title='bbox 491 2279 693 2370; x_wconf 77' lang='grc' dir='ltr'><strong><em>συγγνώμην</em></strong></span> <span class='ocrx_word' id='word_1_171' title='bbox 718 2286 796 2368; x_wconf 81' lang='grc' dir='ltr'><em>ἔχω·</em></span> <span class='ocrx_word' id='word_1_172' title='bbox 825 2279 964 2347; x_wconf 85' lang='grc' dir='ltr'><strong><em>δοκοῦσι</em></strong></span> <span class='ocrx_word' id='word_1_173' title='bbox 984 2279 1025 2345; x_wconf 80' lang='grc' dir='ltr'>δέ</span> <span class='ocrx_word' id='word_1_174' title='bbox 1040 2305 1097 2366; x_wconf 88' lang='grc' dir='ltr'>μοι</span> <span class='ocrx_word' id='word_1_175' title='bbox 1118 2278 1260 2348; x_wconf 78' lang='grc' dir='ltr'><strong><em>καὶτῶν</em></strong></span> 
     </span>
     <span class='ocr_line' id='line_1_19' title="bbox 28 2371 1260 2474; baseline 0.002 -28"><span class='ocrx_word' id='word_1_176' title='bbox 28 2371 29 2384; x_wconf 56' lang='grc'>’</span> <span class='ocrx_word' id='word_1_177' title='bbox 105 2383 298 2454; x_wconf 69' lang='grc' dir='ltr'><strong><em>δικασάντων</em></strong></span> <span class='ocrx_word' id='word_1_178' title='bbox 331 2385 406 2454; x_wconf 86' lang='grc' dir='ltr'><strong><em>τότε</em></strong></span> <span class='ocrx_word' id='word_1_179' title='bbox 435 2388 588 2455; x_wconf 77' lang='grc' dir='ltr'><strong><em>πολλοί“.</em></strong></span> <span class='ocrx_word' id='word_1_180' title='bbox 633 2385 698 2455; x_wconf 80' lang='grc' dir='ltr'>ἀπὸ</span> <span class='ocrx_word' id='word_1_181' title='bbox 727 2390 846 2455; x_wconf 84' lang='grc' dir='ltr'><strong><em>κοινοῦ</em></strong></span> <span class='ocrx_word' id='word_1_182' title='bbox 876 2384 1106 2474; x_wconf 78' lang='grc' dir='ltr'>,,σνγγνω’μην</span> <span class='ocrx_word' id='word_1_183' title='bbox 1138 2384 1260 2471; x_wconf 51' lang='grc' dir='ltr'><strong><em>ἕχεινιι.</em></strong></span> 
     </span>
     <span class='ocr_line' id='line_1_20' title="bbox 104 2487 415 2580; baseline 0.023 -25"><span class='ocrx_word' id='word_1_184' title='bbox 104 2487 213 2571; x_wconf 73' lang='grc' dir='ltr'><strong><em>εὐειδὲς</em></strong></span> <span class='ocrx_word' id='word_1_185' title='bbox 234 2491 271 2560; x_wconf 87' lang='grc' dir='ltr'>τὸ</span> <span class='ocrx_word' id='word_1_186' title='bbox 295 2497 415 2580; x_wconf 79' lang='grc' dir='ltr'><strong><em>σχῆμα.</em></strong></span> 
     </span>
     <span class='ocr_line' id='line_1_21' title="bbox 179 2599 1259 2689; baseline -0.002 -23"><span class='ocrx_word' id='word_1_187' title='bbox 179 2601 266 2668; x_wconf 84' lang='lat' dir='ltr'>Haec</span> <span class='ocrx_word' id='word_1_188' title='bbox 287 2603 399 2667; x_wconf 87' lang='lat' dir='ltr'>inveni</span> <span class='ocrx_word' id='word_1_189' title='bbox 422 2604 461 2669; x_wconf 90' lang='lat' dir='ltr'>de</span> <span class='ocrx_word' id='word_1_190' title='bbox 491 2603 624 2688; x_wconf 87' lang='lat' dir='ltr'>figura</span> <span class='ocrx_word' id='word_1_191' title='bbox 647 2599 712 2669; x_wconf 80' lang='grc' dir='ltr'>ἀπὸ</span> <span class='ocrx_word' id='word_1_192' title='bbox 735 2605 854 2669; x_wconf 83' lang='grc' dir='ltr'><strong><em>κοινοῦ</em></strong></span> <span class='ocrx_word' id='word_1_193' title='bbox 882 2602 967 2689; x_wconf 89' lang='lat' dir='ltr'>apud</span> <span class='ocrx_word' id='word_1_194' title='bbox 997 2605 1132 2668; x_wconf 84' lang='lat' dir='ltr'>veteres.</span> <span class='ocrx_word' id='word_1_195' title='bbox 1170 2599 1259 2676; x_wconf 78' lang='lat' dir='ltr'>Quae</span> 
     </span>
     <span class='ocr_line' id='line_1_22' title="bbox 104 2703 1260 2796; baseline 0.003 -29"><span class='ocrx_word' id='word_1_196' title='bbox 104 2703 135 2769; x_wconf 89' lang='lat' dir='ltr'>de</span> <span class='ocrx_word' id='word_1_197' title='bbox 168 2713 370 2793; x_wconf 82' lang='lat' dir='ltr'>zeugmate</span> <span class='ocrx_word' id='word_1_198' title='bbox 407 2710 639 2795; x_wconf 84' lang='lat' dir='ltr'>quaesiverunt</span> <span class='ocrx_word' id='word_1_199' title='bbox 676 2712 759 2776; x_wconf 91' lang='lat' dir='ltr'>bene</span> <span class='ocrx_word' id='word_1_200' title='bbox 802 2711 1003 2796; x_wconf 88' lang='lat' dir='ltr'>collegerunt</span> <span class='ocrx_word' id='word_1_201' title='bbox 1032 2708 1260 2774; x_wconf 81' lang='lat' dir='ltr'>Volkmann</span> 
     </span>
     <span class='ocr_line' id='line_1_23' title="bbox 28 2814 1261 2902; baseline 0 -24"><span class='ocrx_word' id='word_1_202' title='bbox 28 2835 30 2868; x_wconf 64' lang='grc' dir='ltr'><strong><em>ι</em></strong></span> <span class='ocrx_word' id='word_1_203' title='bbox 102 2814 237 2894; x_wconf 75' lang='lat' dir='ltr'>plObs.</span> <span class='ocrx_word' id='word_1_204' title='bbox 253 2820 287 2881; x_wconf 90' lang='lat' dir='ltr'>et</span> <span class='ocrx_word' id='word_1_205' title='bbox 311 2815 474 2882; x_wconf 83' lang='lat' dir='ltr'>Dziales</span> <span class='ocrx_word' id='word_1_206' title='bbox 497 2817 531 2882; x_wconf 94' lang='lat' dir='ltr'>in</span> <span class='ocrx_word' id='word_1_207' title='bbox 555 2821 798 2902; x_wconf 74' lang='lat' dir='ltr'>programmate</span> <span class='ocrx_word' id='word_1_208' title='bbox 824 2816 980 2882; x_wconf 63' lang='lat' dir='ltr'>amaram</span> <span class='ocrx_word' id='word_1_209' title='bbox 1002 2817 1202 2898; x_wconf 66' lang='lat' dir='ltr'>octonorum</span> <span class='ocrx_word' id='word_1_210' title='bbox 1225 2815 1261 2878; x_wconf 86' lang='lat' dir='ltr'>dc</span> 
     </span>
     <span class='ocr_line' id='line_1_24' title="bbox 101 2921 1258 3007; baseline -0.001 -20.059"><span class='ocrx_word' id='word_1_211' title='bbox 101 2921 199 3001; x_wconf 62' lang='lat' dir='ltr'>tyaris</span> <span class='ocrx_word' id='word_1_212' title='bbox 220 2923 371 2989; x_wconf 78' lang='lat' dir='ltr'>doctrino.</span> <span class='ocrx_word' id='word_1_213' title='bbox 407 2923 525 2988; x_wconf 88' lang='lat' dir='ltr'>Restat</span> <span class='ocrx_word' id='word_1_214' title='bbox 550 2927 587 2988; x_wconf 91' lang='lat' dir='ltr'>ut</span> <span class='ocrx_word' id='word_1_215' title='bbox 612 2923 828 2989; x_wconf 78' lang='lat' dir='ltr'>recentiorum</span> <span class='ocrx_word' id='word_1_216' title='bbox 852 2925 1026 3007; x_wconf 88' lang='lat' dir='ltr'>praecepta</span> <span class='ocrx_word' id='word_1_217' title='bbox 1051 2921 1090 2986; x_wconf 90' lang='lat' dir='ltr'>de</span> <span class='ocrx_word' id='word_1_218' title='bbox 1104 2921 1166 2986; x_wconf 88' lang='lat' dir='ltr'>hac</span> <span class='ocrx_word' id='word_1_219' title='bbox 1188 2921 1258 2986; x_wconf 89' lang='lat' dir='ltr'>bre-</span> 
     </span>
     <span class='ocr_line' id='line_1_25' title="bbox 28 3026 1260 3115; baseline 0.002 -25"><span class='ocrx_word' id='word_1_220' title='bbox 28 3095 29 3100; x_wconf 25' lang='lat'>,</span> <span class='ocrx_word' id='word_1_221' title='bbox 101 3026 306 3112; x_wconf 82' lang='lat' dir='ltr'>riloquentiae</span> <span class='ocrx_word' id='word_1_222' title='bbox 325 3029 431 3095; x_wconf 86' lang='lat' dir='ltr'>forma</span> <span class='ocrx_word' id='word_1_223' title='bbox 449 3031 692 3115; x_wconf 90' lang='lat' dir='ltr'>perlustremus.</span> <span class='ocrx_word' id='word_1_224' title='bbox 724 3029 831 3114; x_wconf 91' lang='lat' dir='ltr'>Multi,</span> <span class='ocrx_word' id='word_1_225' title='bbox 849 3029 906 3114; x_wconf 89' lang='lat' dir='ltr'>qui</span> <span class='ocrx_word' id='word_1_226' title='bbox 924 3028 1065 3094; x_wconf 89' lang='lat' dir='ltr'>termino</span> <span class='ocrx_word' id='word_1_227' title='bbox 1079 3027 1260 3115; x_wconf 74' lang='lat' dir='ltr'>aeugmatis</span> 
     </span>
     <span class='ocr_line' id='line_1_26' title="bbox 28 3131 1262 3223; baseline 0.003 -27"><span class='ocrx_word' id='word_1_228' title='bbox 28 3183 29 3208; x_wconf 61' lang='lat'>,</span> <span class='ocrx_word' id='word_1_229' title='bbox 100 3131 127 3196; x_wconf 94' lang='lat' dir='ltr'>id</span> <span class='ocrx_word' id='word_1_230' title='bbox 143 3135 418 3223; x_wconf 87' lang='lat' dir='ltr'>breviloquentiae</span> <span class='ocrx_word' id='word_1_231' title='bbox 436 3157 539 3223; x_wconf 87' lang='lat' dir='ltr'>genus</span> <span class='ocrx_word' id='word_1_232' title='bbox 558 3137 778 3202; x_wconf 88' lang='lat' dir='ltr'>circumscribi</span> <span class='ocrx_word' id='word_1_233' title='bbox 795 3137 920 3222; x_wconf 88' lang='lat' dir='ltr'>volunt,</span> <span class='ocrx_word' id='word_1_234' title='bbox 939 3159 1003 3221; x_wconf 89' lang='lat' dir='ltr'>quo</span> <span class='ocrx_word' id='word_1_235' title='bbox 1014 3135 1102 3201; x_wconf 90' lang='lat' dir='ltr'>idem</span> <span class='ocrx_word' id='word_1_236' title='bbox 1115 3135 1262 3220; x_wconf 83' lang='lat' dir='ltr'>verbum,</span> 
     </span>
     <span class='ocr_line' id='line_1_27' title="bbox 100 3241 1257 3328; baseline 0 -23"><span class='ocrx_word' id='word_1_237' title='bbox 100 3241 177 3322; x_wconf 87' lang='lat' dir='ltr'>quod</span> <span class='ocrx_word' id='word_1_238' title='bbox 197 3243 231 3308; x_wconf 93' lang='lat' dir='ltr'>in</span> <span class='ocrx_word' id='word_1_239' title='bbox 254 3244 425 3310; x_wconf 89' lang='lat' dir='ltr'>enuntiato</span> <span class='ocrx_word' id='word_1_240' title='bbox 450 3267 489 3308; x_wconf 85' lang='lat' dir='ltr'>ex</span> <span class='ocrx_word' id='word_1_241' title='bbox 510 3243 660 3328; x_wconf 88' lang='lat' dir='ltr'>pluribus</span> <span class='ocrx_word' id='word_1_242' title='bbox 689 3243 844 3309; x_wconf 84' lang='lat' dir='ltr'>membris</span> <span class='ocrx_word' id='word_1_243' title='bbox 879 3243 1060 3328; x_wconf 89' lang='lat' dir='ltr'>composito</span> <span class='ocrx_word' id='word_1_244' title='bbox 1090 3242 1131 3308; x_wconf 88' lang='lat' dir='ltr'>ad</span> <span class='ocrx_word' id='word_1_245' title='bbox 1159 3263 1257 3306; x_wconf 88' lang='lat' dir='ltr'>unum</span> 
     </span>
     <span class='ocr_line' id='line_1_28' title="bbox 28 3348 1260 3436; baseline 0.002 -26"><span class='ocrx_word' id='word_1_246' title='bbox 28 3393 29 3396; x_wconf 63' lang='lat'>,</span> <span class='ocrx_word' id='word_1_247' title='bbox 99 3349 194 3414; x_wconf 87' lang='lat' dir='ltr'>solum</span> <span class='ocrx_word' id='word_1_248' title='bbox 214 3350 362 3435; x_wconf 89' lang='lat' dir='ltr'>positum</span> <span class='ocrx_word' id='word_1_249' title='bbox 385 3355 452 3436; x_wconf 85' lang='lat' dir='ltr'>est,</span> <span class='ocrx_word' id='word_1_250' title='bbox 475 3351 573 3416; x_wconf 91' lang='lat' dir='ltr'>simul</span> <span class='ocrx_word' id='word_1_251' title='bbox 596 3348 637 3415; x_wconf 89' lang='lat' dir='ltr'>ad</span> <span class='ocrx_word' id='word_1_252' title='bbox 661 3353 768 3415; x_wconf 86' lang='lat' dir='ltr'>cetera</span> <span class='ocrx_word' id='word_1_253' title='bbox 791 3349 904 3415; x_wconf 87' lang='lat' dir='ltr'>eedem</span> <span class='ocrx_word' id='word_1_254' title='bbox 926 3349 1181 3435; x_wconf 85' lang='lat' dir='ltr'>significatione,</span> <span class='ocrx_word' id='word_1_255' title='bbox 1204 3348 1260 3413; x_wconf 90' lang='lat' dir='ltr'>sed</span> 
     </span>
     <span class='ocr_line' id='line_1_29' title="bbox 99 3454 1259 3542; baseline 0.001 -24"><span class='ocrx_word' id='word_1_256' title='bbox 99 3454 155 3520; x_wconf 82' lang='lat' dir='ltr'>alia</span> <span class='ocrx_word' id='word_1_257' title='bbox 174 3456 340 3522; x_wconf 89' lang='lat' dir='ltr'>interdum</span> <span class='ocrx_word' id='word_1_258' title='bbox 363 3456 470 3522; x_wconf 86' lang='lat' dir='ltr'>forma</span> <span class='ocrx_word' id='word_1_259' title='bbox 489 3456 702 3542; x_wconf 88' lang='lat' dir='ltr'>grammatica</span> <span class='ocrx_word' id='word_1_260' title='bbox 719 3455 868 3541; x_wconf 81' lang='lat' dir='ltr'>refertur,</span> <span class='ocrx_word' id='word_1_261' title='bbox 889 3475 1027 3541; x_wconf 84' lang='lat' dir='ltr'>zeugma</span> <span class='ocrx_word' id='word_1_262' title='bbox 1045 3455 1116 3520; x_wconf 89' lang='lat' dir='ltr'>loco</span> <span class='ocrx_word' id='word_1_263' title='bbox 1135 3455 1259 3538; x_wconf 86' lang='lat' dir='ltr'>figurae</span> 
     </span>
     <span class='ocr_line' id='line_1_30' title="bbox 98 3553 1258 3646; baseline 0.002 -24"><span class='ocrx_word' id='word_1_264' title='bbox 98 3553 153 3626; x_wconf 84' lang='grc' dir='ltr'>ιἰτό</span> <span class='ocrx_word' id='word_1_265' title='bbox 178 3565 298 3629; x_wconf 84' lang='grc' dir='ltr'><strong><em>κοινοῦ</em></strong></span> <span class='ocrx_word' id='word_1_266' title='bbox 335 3564 507 3629; x_wconf 91' lang='lat' dir='ltr'>adhibent:</span> <span class='ocrx_word' id='word_1_267' title='bbox 545 3563 584 3628; x_wconf 90' lang='lat' dir='ltr'>cf.</span> <span class='ocrx_word' id='word_1_268' title='bbox 608 3561 758 3629; x_wconf 79' lang='lat' dir='ltr'>Sanctius</span> <span class='ocrx_word' id='word_1_269' title='bbox 779 3563 813 3628; x_wconf 95' lang='lat' dir='ltr'>ll</span> <span class='ocrx_word' id='word_1_270' title='bbox 835 3563 898 3627; x_wconf 94' lang='grc'>347</span> <span class='ocrx_word' id='word_1_271' title='bbox 924 3561 1079 3646; x_wconf 88' lang='lat' dir='ltr'>(iugatio,</span> <span class='ocrx_word' id='word_1_272' title='bbox 1109 3557 1258 3645; x_wconf 86' lang='lat' dir='ltr'>conexio)</span> 
     </span>
     <span class='ocr_line' id='line_1_31' title="bbox 98 3665 1260 3756; baseline 0.002 -26"><span class='ocrx_word' id='word_1_273' title='bbox 98 3665 160 3732; x_wconf 85' lang='lat' dir='ltr'>Ger.</span> <span class='ocrx_word' id='word_1_274' title='bbox 172 3670 223 3737; x_wconf 84' lang='lat' dir='ltr'>Io.</span> <span class='ocrx_word' id='word_1_275' title='bbox 237 3670 393 3756; x_wconf 83' lang='lat' dir='ltr'>Vossius,</span> <span class='ocrx_word' id='word_1_276' title='bbox 405 3691 537 3753; x_wconf 67' lang='lat' dir='ltr'>prooem.</span> <span class='ocrx_word' id='word_1_277' title='bbox 554 3671 606 3735; x_wconf 78' lang='lat' dir='ltr'>lot.</span> <span class='ocrx_word' id='word_1_278' title='bbox 626 3669 674 3734; x_wconf 89' lang='lat' dir='ltr'>ed.</span> <span class='ocrx_word' id='word_1_279' title='bbox 692 3669 775 3733; x_wconf 87' lang='grc'><strong>1631</strong></span> <span class='ocrx_word' id='word_1_280' title='bbox 790 3692 821 3753; x_wconf 91' lang='lat' dir='ltr'>p.</span> <span class='ocrx_word' id='word_1_281' title='bbox 835 3669 895 3754; x_wconf 81' lang='lat'>933</span> <span class='ocrx_word' id='word_1_282' title='bbox 917 3667 939 3734; x_wconf 90' lang='lat' dir='ltr'><strong>J</strong></span> <span class='ocrx_word' id='word_1_283' title='bbox 941 3668 982 3732; x_wconf 92' lang='lat' dir='ltr'>ul.</span> <span class='ocrx_word' id='word_1_284' title='bbox 999 3665 1090 3733; x_wconf 81' lang='lat' dir='ltr'>Caes.</span> <span class='ocrx_word' id='word_1_285' title='bbox 1105 3665 1260 3754; x_wconf 83' lang='lat' dir='ltr'>Scaliger,</span> 
     </span>
     <span class='ocr_line' id='line_1_32' title="bbox 97 3775 1259 3862; baseline 0 -24"><span class='ocrx_word' id='word_1_286' title='bbox 97 3775 127 3838; x_wconf 83' lang='lat' dir='ltr'>dc</span> <span class='ocrx_word' id='word_1_287' title='bbox 159 3779 260 3844; x_wconf 74' lang='lat' dir='ltr'>causis</span> <span class='ocrx_word' id='word_1_288' title='bbox 298 3778 431 3862; x_wconf 69' lang='lat' dir='ltr'>linquae,</span> <span class='ocrx_word' id='word_1_289' title='bbox 471 3776 555 3842; x_wconf 80' lang='grc'><strong>1597</strong></span> <span class='ocrx_word' id='word_1_290' title='bbox 595 3776 642 3841; x_wconf 88' lang='lat' dir='ltr'>ed.</span> <span class='ocrx_word' id='word_1_291' title='bbox 663 3800 693 3860; x_wconf 93' lang='lat' dir='ltr'>p.</span> <span class='ocrx_word' id='word_1_292' title='bbox 714 3777 796 3860; x_wconf 76' lang='lat'>4313</span> <span class='ocrx_word' id='word_1_293' title='bbox 832 3775 1093 3860; x_wconf 86' lang='lat' dir='ltr'>Ruddimannus,</span> <span class='ocrx_word' id='word_1_294' title='bbox 1129 3776 1259 3840; x_wconf 71' lang='lat' dir='ltr'>institut.</span> 
     </span>
     <span class='ocr_line' id='line_1_33' title="bbox 94 3879 1261 3970; baseline 0.002 -26"><span class='ocrx_word' id='word_1_295' title='bbox 94 3901 213 3960; x_wconf 69' lang='lat' dir='ltr'>pamm.</span> <span class='ocrx_word' id='word_1_296' title='bbox 237 3885 294 3950; x_wconf 78' lang='lat' dir='ltr'>lot.</span> <span class='ocrx_word' id='word_1_297' title='bbox 312 3883 537 3948; x_wconf 77' lang='lat'>1725-1731</span> <span class='ocrx_word' id='word_1_298' title='bbox 562 3882 611 3947; x_wconf 90' lang='lat' dir='ltr'>ed.</span> <span class='ocrx_word' id='word_1_299' title='bbox 626 3879 817 3970; x_wconf 58' lang='lat' dir='ltr'>Stellbaum⁸</span> <span class='ocrx_word' id='word_1_300' title='bbox 830 3883 915 3947; x_wconf 88' lang='grc'><strong>1823</strong></span> <span class='ocrx_word' id='word_1_301' title='bbox 929 3906 961 3967; x_wconf 91' lang='lat' dir='ltr'>p.</span> <span class='ocrx_word' id='word_1_302' title='bbox 975 3881 1051 3968; x_wconf 83' lang='grc'><strong>362,</strong></span> <span class='ocrx_word' id='word_1_303' title='bbox 1073 3881 1144 3967; x_wconf 91' lang='lat' dir='ltr'>qui,</span> <span class='ocrx_word' id='word_1_304' title='bbox 1161 3885 1261 3965; x_wconf 89' lang='lat' dir='ltr'>prout</span> 
     </span>
     <span class='ocr_line' id='line_1_34' title="bbox 96 3988 1259 4075; baseline 0.004 -27"><span class='ocrx_word' id='word_1_305' title='bbox 96 3989 218 4054; x_wconf 86' lang='lat' dir='ltr'>verbum</span> <span class='ocrx_word' id='word_1_306' title='bbox 252 3991 470 4075; x_wconf 89' lang='lat' dir='ltr'>supplendum</span> <span class='ocrx_word' id='word_1_307' title='bbox 503 3988 604 4053; x_wconf 83' lang='lat' dir='ltr'>distet</span> <span class='ocrx_word' id='word_1_308' title='bbox 636 4011 655 4052; x_wconf 84' lang='lat' dir='ltr'>a</span> <span class='ocrx_word' id='word_1_309' title='bbox 687 3989 786 4054; x_wconf 88' lang='lat' dir='ltr'>verbo</span> <span class='ocrx_word' id='word_1_310' title='bbox 823 3989 931 4073; x_wconf 88' lang='lat' dir='ltr'>posito</span> <span class='ocrx_word' id='word_1_311' title='bbox 966 4010 1103 4054; x_wconf 90' lang='lat' dir='ltr'>numero</span> <span class='ocrx_word' id='word_1_312' title='bbox 1140 4008 1259 4073; x_wconf 87' lang='lat' dir='ltr'>genere</span> 
     </span>
     <span class='ocr_line' id='line_1_35' title="bbox 95 4073 1373 4182; baseline 0.001 -25"><span class='ocrx_word' id='word_1_313' title='bbox 95 4114 238 4182; x_wconf 88' lang='lat' dir='ltr'>persona,</span> <span class='ocrx_word' id='word_1_314' title='bbox 275 4096 496 4161; x_wconf 84' lang='lat' dir='ltr'>distinxerunt</span> <span class='ocrx_word' id='word_1_315' title='bbox 530 4116 666 4181; x_wconf 85' lang='lat' dir='ltr'>zeugma</span> <span class='ocrx_word' id='word_1_316' title='bbox 701 4095 828 4158; x_wconf 89' lang='lat' dir='ltr'>numeri</span> <span class='ocrx_word' id='word_1_317' title='bbox 865 4095 995 4179; x_wconf 88' lang='lat' dir='ltr'>generis</span> <span class='ocrx_word' id='word_1_318' title='bbox 1026 4116 1193 4180; x_wconf 87' lang='lat' dir='ltr'>personae.</span> <span class='ocrx_word' id='word_1_319' title='bbox 1219 4131 1255 4142; x_wconf 92' lang='lat'>-</span> <span class='ocrx_word' id='word_1_320' title='bbox 1367 4073 1373 4085; x_wconf 44' lang='lat'>¹</span> 
     </span>
     <span class='ocr_line' id='line_1_36' title="bbox 95 4197 1259 4288; baseline 0.002 -24"><span class='ocrx_word' id='word_1_321' title='bbox 95 4197 223 4274; x_wconf 84' lang='lat' dir='ltr'>Quidam</span> <span class='ocrx_word' id='word_1_322' title='bbox 246 4206 348 4288; x_wconf 88' lang='lat' dir='ltr'>prout</span> <span class='ocrx_word' id='word_1_323' title='bbox 370 4202 506 4267; x_wconf 88' lang='lat' dir='ltr'>verbum</span> <span class='ocrx_word' id='word_1_324' title='bbox 529 4199 673 4286; x_wconf 86' lang='lat' dir='ltr'>positur&#39;n</span> <span class='ocrx_word' id='word_1_325' title='bbox 697 4204 768 4266; x_wconf 90' lang='lat' dir='ltr'>erat</span> <span class='ocrx_word' id='word_1_326' title='bbox 795 4201 837 4266; x_wconf 89' lang='lat' dir='ltr'>ad</span> <span class='ocrx_word' id='word_1_327' title='bbox 863 4203 1005 4286; x_wconf 90' lang='lat' dir='ltr'>primum</span> <span class='ocrx_word' id='word_1_328' title='bbox 1034 4201 1088 4266; x_wconf 84' lang='lat' dir='ltr'>vel</span> <span class='ocrx_word' id='word_1_329' title='bbox 1117 4201 1259 4266; x_wconf 86' lang='lat' dir='ltr'>alterum</span> 
     </span>
     <span class='ocr_line' id='line_1_37' title="bbox 95 4306 1259 4392; baseline 0.004 -23"><span class='ocrx_word' id='word_1_330' title='bbox 95 4306 140 4370; x_wconf 83' lang='lat' dir='ltr'>vel</span> <span class='ocrx_word' id='word_1_331' title='bbox 162 4312 343 4374; x_wconf 85' lang='lat' dir='ltr'>extremum</span> <span class='ocrx_word' id='word_1_332' title='bbox 358 4307 516 4373; x_wconf 88' lang='lat' dir='ltr'>orationis</span> <span class='ocrx_word' id='word_1_333' title='bbox 533 4306 714 4372; x_wconf 88' lang='lat' dir='ltr'>membrum</span> <span class='ocrx_word' id='word_1_334' title='bbox 735 4308 917 4392; x_wconf 82' lang='lat' dir='ltr'>zeugmatis</span> <span class='ocrx_word' id='word_1_335' title='bbox 935 4310 1177 4392; x_wconf 88' lang='lat' dir='ltr'>proposuerunt</span> <span class='ocrx_word' id='word_1_336' title='bbox 1198 4307 1259 4374; x_wconf 81' lang='lat' dir='ltr'>has</span> 
     </span>
     <span class='ocr_line' id='line_1_38' title="bbox 94 4396 1259 4504; baseline 0.006 -30"><span class='ocrx_word' id='word_1_337' title='bbox 94 4396 221 4481; x_wconf 80' lang='lat' dir='ltr'>formas:</span> <span class='ocrx_word' id='word_1_338' title='bbox 238 4437 329 4503; x_wconf 90' lang='lat' dir='ltr'>pro-,</span> <span class='ocrx_word' id='word_1_339' title='bbox 347 4435 438 4481; x_wconf 83' lang='lat' dir='ltr'>meso</span> <span class='ocrx_word' id='word_1_340' title='bbox 446 4450 467 4501; x_wconf 93' lang='lat'>·,</span> <span class='ocrx_word' id='word_1_341' title='bbox 484 4415 735 4501; x_wconf 84' lang='lat' dir='ltr'>hypo-zeugma</span> <span class='ocrx_word' id='word_1_342' title='bbox 753 4412 805 4501; x_wconf 85' lang='lat' dir='ltr'>(cf.</span> <span class='ocrx_word' id='word_1_343' title='bbox 815 4413 935 4499; x_wconf 84' lang='lat' dir='ltr'>Scalig.</span> <span class='ocrx_word' id='word_1_344' title='bbox 948 4415 968 4478; x_wconf 92' lang='lat' dir='ltr'>l.</span> <span class='ocrx_word' id='word_1_345' title='bbox 982 4414 1014 4499; x_wconf 89' lang='lat' dir='ltr'>l.,</span> <span class='ocrx_word' id='word_1_346' title='bbox 1029 4413 1180 4481; x_wconf 83' lang='lat' dir='ltr'>Ruddim.</span> <span class='ocrx_word' id='word_1_347' title='bbox 1195 4414 1259 4504; x_wconf 87' lang='lat' dir='ltr'>al).</span> 
     </span>
    </p>
   </div>
   <div class='ocr_carea' id='block_1_3' title="bbox 0 0 1580 5222">
    <p class='ocr_par' dir='ltr' id='par_1_3' title="bbox 0 0 1580 5222">
     <span class='ocr_line' id='line_1_39' title="bbox 0 0 1580 5222; baseline 0 3"><span class='ocrx_word' id='word_1_348' title='bbox 0 0 1580 5222; x_wconf 95' lang='lat' dir='ltr'> </span> 
     </span>
    </p>
   </div>
  </div>
 </body>
</html>
