3152 5222
764 489 961 552 -4..

371 649 433 717 Sed
469 672 510 715 ne
544 650 663 734 longus
694 648 757 713 sim
786 647 928 713 breviter
957 646 1062 711 dicam
1092 646 1130 710 de
1161 646 1232 710 sola
1261 644 1452 730 Draegeri

281 756 563 824 commentatione.
608 752 685 820 Sine
708 754 807 819 dubio
831 775 958 819 summa
985 752 1131 818 utilitate
1159 752 1306 818 adhiberi
1334 755 1453 837 potest,

281 867 318 929 ut
347 864 382 929 in
411 863 596 928 universum
625 861 720 926 nobis
750 860 844 946 quasi
872 859 1049 944 imaginem
1079 858 1230 924 Taciteae
1260 859 1454 924 elocutionis

281 972 456 1056 fingamus,
487 968 543 1034 sed
573 967 703 1051 penitus
733 967 768 1031 in
798 990 870 1032 eam
900 965 1106 1051 inquisitoris
1137 966 1272 1031 minime
1303 965 1454 1052 sufficiet,

282 1077 359 1162 quia
391 1076 430 1140 de
463 1074 577 1139 multis
608 1074 703 1140 rebus
735 1074 864 1160 singule
894 1076 1024 1138 tantum
1053 1095 1159 1157 neque
1189 1073 1269 1138 satis
1301 1072 1454 1138 absoluta

281 1182 425 1268 exhibet,
444 1181 530 1266 quod
544 1181 705 1266 imprimis
719 1181 925 1246 iudicandum
945 1183 996 1244 est
1015 1179 1054 1244 de
1072 1179 1113 1243 iis
1133 1179 1311 1265 capitibus,
1334 1179 1453 1264 quibus

281 1289 407 1374 ellipsis
437 1287 698 1373 breviloquentia
724 1286 857 1354 Tacitea
879 1291 1048 1353 tractatur.
1072 1323 1113 1333 —
1138 1284 1201 1352 sed
1225 1290 1262 1351 ut
1284 1286 1365 1351 haec
1386 1308 1454 1350 non

281 1395 435 1481 disserui,
456 1398 494 1460 ut
520 1395 607 1460 viros
634 1394 710 1477 illos
734 1395 773 1459 de
797 1393 987 1480 explicanda
1009 1393 1115 1459 Taciti
1138 1393 1300 1459 scribendi
1326 1392 1454 1458 ratione

281 1502 367 1568 haud
391 1501 573 1567 immeritos
596 1500 812 1587 iustomagis
834 1501 1029 1586 vituperem,
1051 1502 1100 1566 ita
1121 1522 1186 1566 non
1205 1499 1394 1585 negaverim
1412 1523 1454 1565 ne

281 1633 333 1674 me
362 1607 492 1693 quidem
521 1612 630 1672 totum
660 1606 938 1691 breviloquentiae
968 1607 1119 1673 Taciteae
1149 1629 1242 1671 usum
1274 1606 1454 1672 describere

281 1737 390 1802 posse,
420 1712 497 1799 quia
520 1714 599 1778 fines
627 1712 703 1778 huic
729 1713 842 1778 libello
870 1715 996 1799 positos
1024 1716 1121 1800 longe
1144 1714 1326 1798 excederet3
1352 1713 1453 1779 immo

281 1844 357 1888 vero
386 1843 424 1886 eo
453 1819 663 1905 contendam,
692 1824 731 1884 ut
758 1820 914 1904 singula
944 1814 1282 1905 breviloquentiae
1312 1840 1455 1905 genera

283 1927 484 1993 verborum
507 1927 666 2012 propria
689 1949 784 2011 quae
809 1927 990 1992 dicuntur
1013 1927 1167 2011 ellipsis
1191 1947 1348 2012 zeugma
1366 1949 1453 1991 com·

281 2034 488 2120 prehendam.
534 2033 605 2110 Qua
631 2033 666 2097 in
688 2056 723 2099 re
745 2056 812 2098 non
836 2037 906 2098 tam
928 2056 969 2099 ne
997 2033 1171 2098 admittam
1195 2033 1311 2098 vitium
1334 2033 1454 2100 nimiae

283 2140 491 2225 subtilitatis,
523 2162 621 2224 quam
649 2139 817 2205 denotavit
842 2140 989 2226 Draeger
1016 2141 1037 2204 l.
1056 2140 1076 2204 l.
1095 2164 1124 2224 p.
1144 2139 1179 2225 5,
1207 2162 1304 2224 quam
1332 2161 1454 2225 vereor,

282 2271 323 2313 ne
351 2247 483 2330 singula
515 2269 598 2331 quae
627 2246 668 2311 ad
696 2269 765 2312 rem
787 2247 952 2332 pertinent
974 2249 1109 2332 propter
1133 2245 1360 2311 difficultatem
1384 2247 1454 2311 eius

282 2352 548 2440 praetermittam.
603 2351 665 2418 Pro
702 2357 790 2419 certo
828 2353 913 2417 enim
947 2353 1109 2418 affirmare
1140 2353 1217 2418 licet
1254 2353 1351 2417 eliam
1387 2374 1454 2418 non

283 2483 352 2526 esse
390 2464 565 2544 syntaxeos
602 2481 684 2544 quae
721 2460 838 2525 dicitur
870 2464 1004 2526 ornatae
1034 2465 1177 2546 partem,
1213 2482 1295 2544 quae
1331 2459 1456 2545 pariter

282 2566 437 2652 effecerit,
465 2568 502 2630 ut
530 2588 657 2630 summa
685 2565 826 2632 virorum
855 2567 1025 2632 doctorum
1052 2567 1091 2632 de
1118 2566 1152 2632 vi
1180 2589 1217 2631 ac
1238 2570 1357 2631 natura
1384 2566 1455 2630 eius

283 2673 442 2746 dissensio
480 2671 647 2757 existeret,
684 2676 717 2737 at
754 2695 837 2757 quae
868 2675 937 2737 tam
969 2673 1057 2738 varie
1090 2676 1188 2758 atque
1221 2673 1381 2738 contrarie
1412 2673 1455 2737 ad

283 2782 430 2845 veterum
454 2778 578 2864 scripta
600 2778 844 2864 interpretanda
867 2778 1015 2844 adhibita
1038 2779 1095 2865 sit,
1118 2785 1152 2845 et
1170 2801 1252 2864 quae
1270 2784 1456 2864 temporum

283 2887 419 2952 decursu
443 2888 495 2950 tot
518 2885 707 2970 opinionum
732 2886 924 2952 commentis
953 2886 1180 2970 erroribusque
1203 2886 1301 2971 longe
1324 2886 1457 2970 lateque

282 2992 409 3057 diffusis
442 2992 485 3056 sit
518 2992 611 3075 quasi
643 2990 837 3078 deformata,
874 3015 971 3077 quam
1009 2993 1068 3058 illa
1104 3014 1186 3078 quae
1223 3014 1289 3058 una
1321 2993 1456 3058 notione

283 3099 436 3184 ellipseos
464 3097 697 3182 comprehendi·
720 3099 814 3164 solet.
859 3098 928 3164 Nec
954 3100 1086 3185 mirum3
1115 3103 1166 3165 est
1188 3099 1275 3165 enim
1297 3102 1456 3184 tauquam

283 3205 537 3270 instrumentum
560 3226 579 3268 a
601 3204 788 3269 rhetoribus
812 3204 1001 3290 dicendique
1019 3205 1197 3271 artificibus
1221 3205 1455 3272 adornandam
1574 3269 1575 3294 ,

284 3311 466 3377 orationem
505 3311 685 3396 inventum,
725 3311 810 3396 quod
848 3315 887 3376 ut
925 3303 1021 3377 certis
1057 3312 1288 3399 grammaticae
1325 3312 1455 3398 legibus

284 3418 454 3486 astrictum
481 3440 547 3482 non
574 3422 624 3483 est
650 3417 698 3482 ita
725 3416 938 3502 interpretum
966 3419 1102 3485 arbitrio
1126 3419 1342 3505 permittitur,
1369 3419 1456 3506 quia,

284 3525 467 3610 ubicunque
499 3525 610 3609 egitur
641 3524 680 3589 de
712 3525 784 3589 loco
817 3525 930 3610 dubio,
962 3528 1037 3590 ante
1069 3526 1178 3591 omnia
1208 3526 1321 3610 quaeri
1350 3526 1456 3613 debet,

284 3638 442 3718 quantum
479 3630 632 3696 audaciae
668 3631 771 3696 menti
807 3634 840 3697 et
871 3632 1115 3718 intellegentiae
1152 3637 1186 3698 at
1217 3633 1282 3698 arti
1313 3633 1456 3698 auctoris

285 3741 507 3826 quantumque
533 3738 666 3823 ingenio
693 3738 872 3823 legentium
899 3722 943 3804 sit
965 3739 1183 3804 tribuendum.
1233 3739 1304 3816 Quo
1331 3738 1457 3806 factum

285 3849 336 3913 est
364 3850 402 3910 ut
430 3844 516 3910 haud
546 3866 619 3909 raro
648 3844 842 3929 interpretes
873 3867 911 3910 ex
942 3867 1000 3911 suo
1031 3846 1167 3931 quisque
1193 3845 1326 3930 ingenio
1356 3849 1457 3931 atquc

285 3951 466 4018 eruditione
502 3951 550 4015 ita
585 3951 671 4015 inter
707 3972 741 4015 se
774 3951 996 4036 dissentirent,
1033 3957 1069 4017 ut
1101 3951 1187 4036 quod
1219 3952 1277 4017 ille
1307 3952 1457 4039 pulcher-

285 4059 387 4123 rimae
414 4056 677 4141 iustissimasque
709 4057 863 4123 audaciae
891 4080 961 4123 esse
989 4058 1128 4139 dixerat,
1155 4057 1209 4124 hic
1236 4059 1456 4127 acerbissimis

285 4163 394 4230 verbis
412 4163 615 4247 ineptissime
634 4163 756 4228 dictum
776 4185 846 4229 esse
861 4165 1080 4230 contenderat.
1118 4163 1206 4232 Satis
1225 4167 1328 4250 igitur
1349 4167 1457 4232 elucet

286 4269 427 4355 primum
454 4291 492 4334 eo
520 4269 691 4335 nitendum
718 4292 803 4356 esse,
832 4274 869 4335 ut
897 4294 994 4356 quam
1022 4273 1282 4339 enucleatissime
1308 4273 1390 4338 fines
1418 4296 1457 4339 ao

287 4375 390 4462 leges,
413 4375 530 4460 quibus
554 4377 845 4442 circumscribendo
868 4377 935 4443 sint
952 4377 1012 4443 illa
1031 4378 1309 4464 breviloquentiae
1327 4400 1457 4466 genera,

286 4481 509 4567 depingamus.
555 4483 605 4550 Ut
642 4487 768 4549 autem
806 4484 842 4548 vi
877 4506 919 4549 ac
952 4488 1094 4549 natura
1128 4485 1313 4570 ellipseos
1343 4507 1456 4570 quam
