3176 5220
770 494 1075 560 -30-'.

297 656 400 740 nymi
423 654 541 739 verbis,
564 675 646 739 quae
673 628 830 719 hocloco
861 653 1042 720 adscribere
1071 656 1208 740 longum
1238 659 1342 742 esset,
1364 656 1473 720 elucet

298 761 549 846 Hermogenem,
561 760 734 846 praecipue
762 761 983 846 asyndeticam
1010 763 1183 827 verborum
1210 762 1473 827 coniunctionem

300 891 370 934 esse
395 869 521 952 σχῆμα
545 861 792 933 ἐλλειπτικὸν
815 868 962 933 docuisse
987 865 1038 954 (of.
1057 893 1088 953 p.
1109 865 1174 956 11).

389 973 548 1040 Omnibus
567 973 810 1040 delinitionibus
830 997 909 1059 quas
931 974 1037 1040 adhuc
1053 975 1309 1040 examinavimus
1329 974 1475 1040 breviter
1584 995 1585 1006 ¹

300 1081 496 1167 computatis
527 1081 696 1147 videbisa
725 1081 889 1146 veteribus
919 1083 1058 1148 termino
1089 1083 1242 1168 ellipseos
1272 1081 1474 1168 appellatam

301 1210 372 1254 esse
395 1187 629 1254 detractionem
653 1192 686 1253 et
716 1187 918 1274 singularum
947 1211 1063 1254 vocum
1094 1187 1386 1274 (praepositionum
1415 1187 1473 1252 ad-

300 1295 483 1360 verbiorum
508 1294 676 1360 nominum
699 1291 885 1382 verborum)
909 1298 942 1360 et
965 1296 1201 1362 sententiarum
1218 1316 1268 1360 ‘ex
1299 1292 1476 1378 compluri-

299 1402 360 1467 bus
382 1401 515 1467 vooibus
538 1400 805 1486 compositarum,
832 1401 851 1466 i.
874 1423 899 1466 c.
921 1400 1052 1486 ellipsin
1072 1401 1254 1488 generatim
1275 1403 1314 1465 ut
1337 1398 1379 1464 ad
1407 1399 1475 1464 elo-

300 1509 440 1574 cutionis
463 1508 512 1574 ita
535 1506 574 1572 ad
600 1507 836 1572 sententiarum
864 1507 1026 1573 defectum
1050 1509 1202 1574 collatam
1232 1529 1311 1574 esse.
1359 1505 1475 1571 Gram-
1585 1537 1586 1602 r

301 1614 412 1680 matici
436 1637 508 1680 eam
530 1614 647 1680 vitium
669 1613 865 1679 barbarismi
888 1619 921 1679 et
944 1614 1129 1680 soloecismi
1159 1617 1373 1697 vocaverunt,
1402 1613 1476 1678 rhe-

301 1726 411 1787 torum
442 1721 500 1786 alii
536 1721 675 1808 figuram
707 1719 765 1785 alii
803 1723 936 1806 tropum
965 1722 1230 1807 grammaticum,
1259 1743 1332 1785 cum
1371 1720 1476 1785 solius

178 1913 179 1916 Ἴ
301 1828 433 1894 effectus
457 1827 610 1913 ellipseos
633 1825 794 1892 rationem
818 1826 981 1894 haberent.
1027 1828 1150 1905 Quibus
1180 1827 1299 1892 finibus
1328 1830 1478 1891 uteretur

303 1935 485 2020 quibusque
515 1933 758 1999 condicionibus
795 1956 834 1999 ex
864 1932 994 2020 linguae
1031 1935 1158 2022 legibus
1189 1957 1227 2000 ac
1256 1933 1384 1999 dicandi
1413 1955 1477 1997 usu

305 2041 445 2127 sumptis
487 2042 702 2124 coerceretur,
741 2062 783 2104 ne
824 2063 907 2105 unus
949 2041 1080 2126 quidem
1116 2041 1253 2106 enodate
1290 2039 1477 2124 explicavit.
1586 2107 1587 2151 4

303 2147 519 2224 Quamobrem
549 2145 658 2212 taedio
672 2181 674 2187 ·
687 2147 828 2232 quodam
858 2171 878 2212 a
908 2147 1013 2212 sterili
1041 2147 1103 2213 hac
1131 2146 1298 2213 rhetorum
1327 2146 1478 2211 doctrina
1586 2213 1587 2220 ¹

303 2253 447 2318 revocati
469 2251 697 2338 indagabimus
721 2259 895 2340 praecepta
925 2276 1050 2338 eorum,
1078 2254 1133 2339 qui
1162 2276 1240 2320 sano
1269 2257 1368 2340 atque
1400 2251 1478 2318 utili

303 2359 424 2424 iudicio
449 2359 487 2424 de
511 2359 619 2445 ellipsi
642 2359 694 2424 usi
718 2364 803 2425 suut.
834 2359 916 2425 Prae
930 2360 1046 2425 ceteris
1060 2361 1182 2426 eminet
1196 2360 1477 2437 Quintilianus.

304 2463 424 2531 Scribit
447 2464 524 2530 libri
537 2465 586 2532 IX
600 2488 668 2551 cap.
683 2466 713 2552 3,
728 2467 784 2531 58:

392 2573 439 2637 Ar
460 2593 541 2655 proc
555 2593 614 2656 per
632 2574 847 2638 detractionem
864 2576 946 2659 fiunt
962 2573 1083 2658 figurae
1100 2575 1255 2640 breuitatis
1272 2575 1479 2656 novitatisque

303 2679 441 2744 manime
459 2681 598 2762 prauum
613 2684 740 2762 petuam
777 2701 932 2762 orcarum
968 2701 1045 2745 uua
1071 2687 1124 2746 est
1159 2701 1215 2766 eu,
1243 2701 1351 2763 quum
1373 2680 1479 2762 ¹libro

298 2785 470 2870 prosimu
511 2787 551 2851 iu
585 2786 736 2870 ftyuros
766 2803 809 2851 eu
845 2787 1064 2874 συνεκδοχῇ
1096 2789 1242 2871 distuli,
1283 2807 1363 2855 cum
1393 2785 1478 2852 sub-

305 2897 465 2958 tractum
486 2892 630 2958 uerbum
653 2894 807 2974 aliquod
832 2895 989 2959 selleca
1015 2896 1145 2960 ceteris
1170 2894 1416 2978 iutellcyc'tur,
1442 2899 1482 2957 ut

306 2998 431 3065 Caelius
462 3001 497 3064 iu
527 2999 702 3064 Antonium
732 3049 750 3085 ‚,
759 3004 878 3083 stupere
902 3002 1017 3084 yauuu
1047 2999 1232 3080 Graecae
1264 3001 1360 3066 amul
1394 2999 1481 3064 euim

305 3106 435 3171 auditur
455 3104 607 3190 „aaut
654 3103 758 3172 Cicero
780 3108 824 3172 ad
844 3108 1003 3173 Brutum:
1030 3127 1154 3193 „serm
1176 3108 1262 3173 uullc
1283 3107 1397 3174 educet
1413 3107 1481 3170 uisi

305 3213 342 3277 dc
364 3217 406 3291 ta·
429 3213 506 3293 quid
526 3214 608 3276 culm
623 3212 753 3296 potius?
799 3213 880 3278 Tum
897 3214 1046 3297 Μανίας,
1067 3213 1153 3300 Orac,
1176 3215 1287 3299 iuquit,
1311 3214 1479 3298 tabellarii,

305 3323 407 3402 clepo
429 3317 541 3384 ibidem
567 3317 626 3384 bas
652 3321 733 3384 taur
759 3339 883 3384 coruom
909 3319 1068 3386 exurau‘t
1113 3320 1334 3396 Quintilianus
1367 3322 1480 3404 aperte

307 3424 472 3508 significat
498 3425 611 3504 verba,
638 3447 721 3510 quae
747 3425 902 3512 leguntur
930 3428 1078 3512 proximo
1111 3427 1195 3493 libro
1210 3464 1247 3476 —
1265 3427 1348 3492 VIII
1362 3427 1399 3510 6,
1421 3426 1481 3490 21:

307 3531 436 3614 quidum
458 3525 666 3615 συνεκδοχὴν
684 3537 795 3597 uocaui
815 3538 855 3617 et,
877 3553 956 3599 cum
977 3536 1018 3601 id
1038 3535 1077 3599 iu
1095 3538 1265 3600 coaucta
1286 3533 1482 3616 sermonis,

297 3638 403 3718 ‘quod
434 3642 589 3725 tacetur,
625 3641 854 3723 accipimua·
893 3640 1046 3707 uertatur
1077 3644 1174 3707 euim
1205 3639 1390 3705 severus
1420 3638 1481 3702 iu-

309 3743 450 3829 telle9i‚
474 3746 570 3826 quod
591 3747 690 3811 iuter
710 3744 810 3811 uilio
831 3747 977 3830 ellipsis
1001 3751 1169 3815 vocatur:

447 3850 611 3934 ‚‚Aroades
633 3852 676 3916 ad
690 3856 802 3934 portus
823 3850 935 3916 ruere“
957 3848 1069 3938 (Verg.
1088 3851 1169 3919 Aen.
1188 3853 1235 3919 XI
1250 3849 1339 3940 142).

308 3953 495 4022 Minthous
515 3955 651 4040 fiyurum
672 3977 735 4022 esse
754 3965 854 4040 moola
867 3959 978 4040 plaut.

397 4061 551 4127 Proxima
567 4066 618 4128 est
635 4062 791 4148 quaestio,
815 4064 893 4149 quid
908 4064 952 4129 sit
966 4061 1196 4148 συνεκδοχή.
1231 4065 1326 4131 Locis
1346 4067 1403 4152 qui
1416 4066 1482 4132 hue

309 4169 475 4254 pertinent
497 4169 666 4254 perpensis
689 4166 742 4255 (cl.
757 4168 879 4235 Cornif.
893 4169 941 4236 IV
954 4172 1012 4256 443
1036 4169 1100 4236 Oic.
1115 4172 1161 4236 de·
1173 4175 1254 4237 orat.
1266 4172 1317 4237 ΙΙΙ
1334 4174 1396 4238 168
1419 4176 1482 4253 fiu-

310 4276 467 4361 tellectio);
500 4274 663 4361 Tryphon.
687 4298 736 4361 ap.
752 4275 855 4343 Walz.
869 4276 951 4342 VIII
970 4278 1047 4362 739,
1077 4275 1194 4363 Speng.
1210 4278 1260 4343 III
1281 4280 1358 4365 1953
1386 4301 1481 4346 anon.

311 4404 361 4466 ap.
370 4381 421 4448 W.
429 4382 585 4468 ib.'p.691
597 4383 726 4469 -6933
740 4384 816 4468 718,
832 4381 885 4469 Sp.
900 4384 1126 4469 ib.p.209,25;
1140 4383 1272 4471 Gregor.
1287 4384 1360 4451 Gor.
1371 4409 1421 4472 ap.
1428 4387 1482 4453 W.

311 4488 353 4554 ib.
372 4512 403 4575 p.
423 4490 501 4574 769,
531 4488 584 4575 Sp.
598 4489 641 4555 ib.
665 4513 695 4575 p.
713 4490 794 4575 219,
818 4490 874 4574 113
898 4488 1054 4555 Gocondr.
1074 4511 1124 4574 ap.
1142 4489 1194 4555 W.
1215 4490 1257 4556 ib.
1275 4514 1306 4576 p.
1325 4491 1403 4577 790,
1426 4491 1482 4576 Sp.
