3158 5226
582 441 823 506 -133-

116 602 223 666 solum
248 600 468 672 clandestinos
487 599 562 665 illos
586 603 720 665 coetus
743 601 777 666 in
795 601 875 665 urbe
895 622 966 668 esse
983 600 1097 698 factos,
1121 601 1292 666 sedetiam

115 731 215 794 eum,
238 731 335 793 quem
359 707 400 772 ad
423 706 648 772 celebrandum
672 706 750 772 faeti
773 711 859 792 sunt,
882 708 928 774 ibi
950 708 1061 774 fuisse.
1106 707 1194 784 Quae
1218 729 1291 772 oum

114 815 163 880 ita
187 815 255 879 sint
278 815 319 879 ad
343 818 516 899 utrumque
545 814 727 879 membrum
757 815 898 900 pertinet
928 815 1063 880 verbum
1093 814 1290 880 celebrare
1388 815 1391 822 ’

4 977 5 988 ,
115 921 357 1005 significatione
395 920 533 1007 feiern,
570 921 746 987 fetieren.
801 919 960 986 Similiter
996 921 1204 1007 explieandus
1240 926 1291 986 est
1413 1004 1415 1007 Ι

115 1028 208 1092 loeus
234 1027 333 1112 alius,
356 1049 451 1112 quem
476 1027 540 1092 hue
562 1028 664 1092 traxit
677 1027 779 1092 Halm
793 1028 813 1092 l.
829 1027 865 1111 l.,
887 1026 949 1093 An.
963 1026 993 1091 V
1011 1029 1062 1113 10,
1076 1027 1151 1112 9s10
1165 1025 1228 1115 (VI
1242 1027 1291 1114 5):

115 1137 181 1198 tarn
204 1136 369 1236 iuoeretntrs
392 1155 554 1218 conuersa,
585 1137 655 1237 iarn,
672 1135 807 1218 publicis
836 1136 947 1200 studiis
974 1135 1290 1217 frequentabatur.

204 1240 357 1307 An.V15
370 1238 458 1328 (11),
475 1243 492 1305 1
507 1264 572 1327 seq.
584 1243 667 1308 eod:
689 1243 771 1311 erim
785 1239 874 1307 Cotta
886 1241 1078 1308 Messalinus
1094 1243 1291 1308 sanissimae

4 1331 6 1392 1
112 1350 260 1431 aliusque
282 1350 448 1413 &nuntiae
469 1354 576 1414 auotor
599 1370 689 1432 eoque
711 1350 880 1413 inueterata
908 1350 1040 1433 inuidia,
1069 1350 1123 1414 ubi
1147 1350 1291 1431 pannum

4 1549 5 1556 ,
110 1457 250 1536 facultas
271 1457 355 1540 data,
378 1457 522 1538 arquitur
538 1457 686 1539 pleraque
705 1453 737 1521 0.
753 1454 915 1522 Caesarem
932 1458 1024 1539 quasi
1040 1457 1158 1522 ineerta
1176 1453 1228 1542 (B.
1240 1455 1289 1520 in·

112 1558 237 1648 restae)
268 1563 427 1628 uirilitatis
462 1569 502 1648 et,
531 1585 601 1628 onrn
630 1564 679 1628 die
709 1563 811 1627 natali
833 1563 1003 1655 Anqustae-
1022 1565 1102 1628 inter
1124 1564 1291 1628 saoerdotes

4 1731 5 1744 ,
111 1670 306 1754 epularetur,
339 1671 549 1736 novendialem
579 1692 647 1735 earn
675 1691 783 1735 oenarn
813 1671 935 1736 dixisse.
980 1668 1091 1736 Mendi
1118 1669 1292 1736 manifesta

112 1779 166 1842 est
189 1798 252 1841 vox
276 1777 433 1842 ineerta
480 1776 658 1863 Nipperdei
682 1777 858 1862 sententia,
881 1799 947 1861 qua
969 1777 1127 1842 insertam
1151 1776 1288 1841 virilita-

112 1887 181 1948 tem
213 1881 382 1968 Caligulae
413 1884 498 1948 serio
528 1883 613 1949 obiei
642 1906 708 1949 non
739 1883 884 1968 potuisse
915 1884 1134 1969 eontenditur,
1164 1884 1241 1969 quia
1270 1907 1290 1948 a

4 1965 6 2058 i
113 1989 284 2074 Suetonio,
309 1989 377 2056 Oal.
397 1991 440 2056 36
464 1991 511 2056 ita
542 1989 723 2076 descriptus
754 1992 854 2075 esset,
881 1994 919 2055 ut
948 1990 1092 2056 incertae
1119 1989 1288 2056 virilitatis

112 2096 302 2182 obiurgium
330 2098 426 2182 plane
455 2097 601 2182 ineptum
630 2097 762 2181 fuisset,
800 2097 880 2162 haee
910 2097 1072 2163 sententia
1099 2097 1290 2182 infringitur

112 2202 275 2288 particula
298 2205 425 2289 quasi,
448 2226 513 2288 qua
536 2205 647 2270 fiotum
670 2204 771 2270 fuisse
795 2203 877 2268 illud
900 2203 1112 2290 opprobrium
1135 2205 1216 2269 satis
1239 2204 1287 2268 in-

112 2311 241 2376 dicatur
273 2310 328 2399 (of.
358 2310 480 2376 Herm.
510 2311 637 2396 Hahn,
667 2313 703 2376 de
728 2312 961 2395 porticanorum
992 2312 1110 2393 quasi
1132 2316 1162 2374 et
1192 2312 1290 2375 velut

111 2439 172 2483 usu
196 2418 268 2482 Tae.
289 2441 319 2502 p.
334 2417 378 2484 35
397 2417 506 2483 Goett.
529 2414 639 2504 1877).
684 2417 753 2494 Alii
776 2417 934 2484 sufficere.
949 2417 1207 2483 emendationem
1229 2417 1287 2481 in-

112 2530 243 2590 certae
268 2525 419 2590 arbitrati
443 2525 679 2590 coniunxerunt
700 2525 891 2611 pleraque
919 2547 992 2590 eum
1021 2524 1120 2590 verbo
1151 2523 1287 2608 argui·

111 2637 176 2696 tur
199 2655 238 2697 ex
258 2631 411 2716 analogia
430 2630 572 2697 Graecae
591 2632 743 2697 dictionis
762 2627 888 2696 πολλὰ
909 2630 1143 2716 ἐλέγχεσθαι
1163 2635 1197 2696 et
1215 2631 1287 2696 coll.

110 2738 192 2804 loeis
208 2736 270 2804 An.
280 2738 328 2804 IV
344 2740 399 2823 28,
417 2739 473 2802 14:
494 2739 579 2818 falsa
602 2741 793 2824 exterritam,
817 2744 930 2805 nostro
953 2739 988 2802 in
1003 2760 1071 2823 eap.
1086 2738 1107 2803 l.
1123 2739 1156 2804 8:
1179 2743 1289 2804 runata

109 2847 320 2912 revincebatur
342 2849 375 2910 et
389 2867 420 2929 q.
435 2867 461 2908 s.
497 2842 560 2910 Sed
584 2866 657 2910 oum
675 2845 874 2930 pleraque,
897 2845 927 2909 si
943 2844 992 2910 ita
1010 2867 1083 2910 oum
1103 2845 1288 2930 arguitur

110 2952 331 3037 coniungitur,
353 2951 399 3016 nil
417 2951 481 3016 nisi
499 2951 533 3014 id
552 2951 724 3036 significet,
746 2951 910 3036 permulta
933 2952 1093 3017 eiusmodi
1112 2951 1288 3038 opprobria

109 3059 228 3124 iecisse
252 3057 382 3124 Cottam
412 3058 448 3122 in
471 3057 657 3144 Caesarem,
690 3058 743 3123 vix
772 3059 882 3124 evadit
909 3060 1014 3124 bonus
1047 3081 1174 3145 sensus,
1201 3060 1288 3124 male

109 3166 200 3230 enim
223 3165 392 3250 sequentia
415 3166 620 3250 epexegetiee
649 3166 690 3231 ad
717 3166 907 3252 pleraque
937 3165 1109 3232 adduntur.
1154 3165 1225 3242 Qua
1252 3189 1287 3231 re

108 3273 212 3337 etiam
234 3271 448 3337 Freinshemii
472 3271 656 3338 coniectura
678 3272 865 3357 ingeniosa,
893 3295 956 3357 qua
984 3273 1116 3358 scripsit
1143 3274 1288 3356 arquitur

102 3381 254 3461 pleraque
282 3379 415 3444 Gaiam
440 3377 497 3464 (ae.
521 3375 654 3465 dixisse)
685 3378 883 3444 Caesarem
912 3383 945 3444 et
959 3402 988 3465 q.
1005 3402 1029 3444 s.
1053 3377 1176 3466 (Ritter
1201 3379 1287 3444 1864

109 3487 248 3552 Gaiam
274 3485 307 3551 O.
333 3483 545 3557 Gaesarem)
573 3485 714 3552 reicitur.
759 3483 947 3570 Nipperdey
971 3489 1004 3551 et
1029 3485 1143 3568 Halm,
1166 3484 1286 3551 Mureti

108 3593 373 3658 emendationem
397 3594 513 3677 secuti,
541 3593 815 3678 praepositionem
842 3591 882 3657 in
910 3597 986 3658 ante
1014 3590 1049 3658 G.
1078 3590 1287 3658 Gaesarem

106 3701 143 3764 in
174 3704 302 3765 textum
329 3704 533 3785 receperunt,
560 3700 608 3765 ita
638 3705 675 3764 ut
701 3700 836 3765 verbum
864 3699 995 3764 dieere
1026 3699 1091 3764 alio
1120 3721 1217 3764 sensu
1245 3699 1287 3764 ad

106 3789 294 3872 membrum
330 3805 435 3891 prius,
472 3807 537 3871 alio
575 3806 615 3871 ad
657 3807 797 3872 alterum
834 3805 949 3871 referri
987 3805 1103 3871 debeat
1137 3802 1189 3892 (ef.
1224 3806 1285 3870 An.

106 3913 143 3978 Π
155 3913 267 3999 euno
275 3937 305 3998 p.
317 3913 402 4000 126).
432 3911 494 3980 Sed
510 3913 565 3978 vix
579 3913 713 3998 pulehre
733 3913 851 3978 dieitur
864 3913 1011 3996 pleraque
1023 3915 1058 3978 in
1073 3909 1106 3979 O.
1125 3911 1287 3978 Gaesarem

104 4022 201 4102 quasi
227 4023 359 4085 incertae
385 4021 545 4085 virilitatis
571 4022 685 4086 dirime
711 4022 872 4103 arquitur,
902 4017 976 4084 enm
1005 4019 1102 4104 plane
1131 4019 1215 4084 nihil
1245 4020 1287 4085 ad

104 4149 178 4192 rem
215 4127 320 4211 ipsam
357 4127 502 4213 intersit,
543 4132 654 4192 utrum
697 4127 800 4192 multa
837 4149 880 4192 an
911 4149 1014 4212 pauea
1047 4126 1085 4191 de
1114 4124 1285 4211 Caligulae

104 4233 268 4298 virilitate
297 4233 417 4299 dixerit
440 4233 552 4318 (lotta3
579 4233 724 4299 oriminis
752 4234 839 4299 enim
862 4255 989 4298 summa
1011 4233 1150 4298 vertitur
1176 4233 1211 4297 in
1237 4255 1286 4320 eo,

104 4340 198 4426 qnod
212 4340 344 4406 omnino
358 4343 421 4408 hoa
433 4342 519 4407 fecit.
552 4339 748 4425 Corruptum
763 4340 845 4406 mihi
859 4341 987 4405 videtur
1005 4362 1067 4405 vox
1086 4340 1284 4426 pleraque,

103 4449 144 4513 in
177 4470 240 4534 quo
274 4449 356 4514 latet
387 4449 527 4514 fortasse
560 4449 694 4514 verbum
728 4447 874 4534 aliquod,
910 4450 964 4513 ut:
1000 4446 1285 4533 perstrinxisse
