3152 5222
797 502 1016 566 ..35-

323 661 492 728 diiudicari
516 665 641 747 potest,
664 664 775 725 utrum
798 663 909 725 orator
931 663 1038 725 totum
1069 659 1304 725 sententiarum
1334 659 1487 725 ambitum
1557 652 1558 720 l

324 768 379 854 qui
395 767 554 833 sermonis
571 769 726 832 contextu
745 766 924 853 flagitatur,
947 770 1095 832 accurate
1110 766 1173 831 sibi
1187 767 1341 832 finxisse?
1378 767 1488 851 Itaque
1557 819 1558 864 ,

322 898 388 940 non
412 897 451 940 ex
475 873 614 940 oratoris
638 873 774 938 consilio
798 871 855 938 sed
878 895 916 938 ex
940 871 1173 937 sententiarum
1196 894 1320 937 conexu
1347 895 1399 938 res
1426 895 1488 937 me·
1557 903 1558 928 1

322 982 432 1047 ticuda
466 985 524 1046 est.
569 979 748 1064 Integritas
777 984 887 1044 autem
920 983 984 1065 est,
1014 980 1043 1044 si
1075 979 1250 1065 sententia,
1282 1001 1365 1064 quae
1397 1001 1488 1045 sensu
1557 973 1558 1056 i

324 1090 421 1173 atque
446 1087 603 1153 orationis
627 1109 751 1152 conexu
774 1108 838 1151 non
862 1087 968 1151 solum
991 1085 1169 1173 flagitatur,
1197 1087 1375 1152 sedetiam
1405 1092 1489 1151 codr-
1557 1063 1558 1144 l

323 1199 426 1281 cetur,
448 1194 590 1280 propriis
615 1192 723 1259 verbis
747 1193 842 1278 plene
865 1214 1019 1279 expressa
1042 1195 1101 1258 est.

412 1336 476 1404 Sed
506 1338 569 1403 hoc
600 1359 666 1403 non
698 1335 832 1401 sufficit:
864 1334 1072 1401 Hermannus
1104 1358 1177 1402 cum
1215 1335 1249 1399 iu
1282 1336 1490 1420 sequentibus
1557 1295 1558 1390 l

322 1444 454 1530 ellipsin
477 1466 576 1529 supra
598 1443 766 1509 definitam
782 1442 822 1508 ab
838 1442 902 1507 alio
920 1442 1059 1528 quodam
1074 1441 1352 1526 breviloquentiae
1368 1464 1492 1528 genere,

323 1573 386 1635 quo
411 1550 534 1635 aliquid
558 1549 731 1634 omittitur,
754 1549 840 1633 quod
864 1571 902 1614 ex
926 1548 1191 1615 antecedentibus
1211 1549 1263 1613 vel
1282 1549 1491 1634 sequentibus

322 1657 430 1723 verbis
462 1655 719 1740 intellegendum
751 1658 815 1741 est,
849 1655 968 1720 acriter
1000 1655 1188 1741 secreverit,
1221 1677 1293 1720 earn
1325 1677 1390 1721 non
1424 1678 1493 1720 esse
1557 1685 1558 1744 ρ

321 1769 455 1849 putasse
478 1763 622 1848 videtur,
644 1762 711 1828 nisi
743 1762 792 1847 id,
821 1762 907 1847 quod
934 1761 1189 1848 intellegendum
1218 1761 1368 1827 relictum
1398 1766 1494 1846 esset,
1557 1745 1558 1790 l

322 1893 380 1936 nec
403 1871 438 1935 in
461 1869 726 1936 antecedentibus
750 1891 809 1934 nec
831 1868 866 1933 in
889 1868 1099 1953 sequentibus
1123 1869 1265 1934 latenter
1287 1868 1493 1934 indicaretur.

322 1976 384 2044 Sed
408 1977 495 2042 idem
518 1976 725 2042 Hermannus
754 1976 890 2040 alteram
923 1976 1016 2040 illam
1047 1975 1325 2060 breviloquentiae
1351 1975 1493 2041 formam

322 2083 502 2149 accuratius
522 2083 586 2149 sibi
599 2083 695 2148 finxit
717 2105 789 2148 esse
802 2081 943 2168 positam
958 2083 992 2147 in
1007 2105 1054 2168 eo,
1078 2082 1164 2167 quod
1184 2082 1317 2147 verbum
1336 2083 1494 2146 omissum
1557 2081 1558 2106 ¹

321 2213 391 2256 esse
410 2190 576 2256 videretur
599 2213 636 2256 ac
659 2194 769 2255 tamen
786 2189 919 2254 notione
943 2191 1001 2252 aut
1023 2210 1155 2273 prorsus
1179 2188 1292 2254 eadem
1311 2192 1369 2255 aut
1392 2188 1496 2253 simili

322 2297 453 2382 quidem
484 2298 518 2362 in
541 2297 807 2362 antecedentibus
831 2295 884 2361 vel
908 2295 1117 2380 sequentibus
1141 2295 1249 2361 verbis
1273 2295 1495 2381 significatum

320 2403 459 2489 indeque
478 2404 796 2489 subintellegendum
812 2406 911 2486 esset3
930 2423 967 2466 ac
981 2424 1053 2467 cum
1067 2405 1237 2487 praeterea
1247 2402 1295 2467 vir
1304 2402 1361 2467 ille
1377 2402 1496 2468 doctus
1557 2375 1558 2446 l

321 2511 452 2597 ellipsin
475 2532 608 2595 prorsus
632 2509 731 2574 aliam
755 2530 826 2573 esse
848 2507 990 2573 voluerit
1012 2513 1110 2593 atque
1134 2508 1350 2595 aposiopesin,
1373 2531 1440 2593 qua
1465 2513 1497 2573 et

322 2618 426 2683 oratio
450 2619 484 2682 et
507 2616 670 2681 sententia
692 2616 789 2701 plane
811 2615 1113 2700 interrumperetur,
1141 2615 1264 2680 clarum
1288 2617 1338 2680 est
1361 2613 1496 2700 ellipsin
1557 2588 1558 2668 l

322 2723 362 2788 ab
387 2745 424 2788 eo
448 2727 604 2807 tanquam
627 2722 660 2786 iu
684 2720 790 2786 medio
813 2722 956 2806 positam
979 2743 1050 2787 esse
1068 2722 1153 2786 inter
1172 2721 1252 2786 duas
1271 2721 1331 2786 has
1349 2720 1497 2786 breviter

322 2829 450 2895 dicendi
471 2829 609 2914 formas,
631 2830 651 2894 i.
676 2851 701 2894 e.
725 2828 834 2914 ellipsi
856 2828 992 2894 verbum
1023 2828 1181 2894 omissum
1210 2850 1276 2893 non
1305 2827 1413 2912 magis
1447 2827 1496 2892 la·

321 2939 429 3001 tenter
453 2936 516 3001 dici
540 2958 637 3020 quam
656 2957 789 3021 prorsus
808 2934 954 3020 neglegi,
978 2935 1046 2998 eius
1071 2941 1180 2998 autem
1199 2914 1379 3020 imaginem
1397 2934 1497 3019 quasi

321 3065 358 3108 ac
377 3043 517 3128 speciem
537 3043 602 3107 alia
615 3043 741 3108 ratione
760 3041 828 3106 sive
843 3039 976 3126 propria
989 3039 1162 3106 verborum
1180 3040 1405 3106 coniunctione
1426 3041 1499 3107 sive

322 3150 556 3215 sententiarum
579 3170 702 3214 conexu
724 3148 759 3214 in
787 3147 929 3212 audient
905 3151 988 3212 trum
1017 3148 1260 3233 legentiumque
1290 3147 1408 3213 animis
1442 3171 1498 3213 ex·
1557 3170 1558 3212 l

322 3257 366 3321 cit
367 3256 424 3322 ari.
470 3255 562 3332 Quod
590 3259 677 3321 recte
707 3277 726 3319 a
755 3275 806 3318 me
836 3254 1039 3373 disputatum
1069 3276 1140 3320 esse
1169 3255 1277 3320 nescio
1301 3277 1342 3320 an
1366 3276 1405 3319 ex
1431 3255 1501 3320 alia
1557 3239 1558 3334 l

322 3363 475 3448 ellipscos
506 3362 629 3427 definit
604 3365 692 3426 tione
725 3360 943 3447 perspexeris,
978 3383 1076 3446 quam
1106 3360 1352 3426 Hermannus
1343 3383 1377 3425 m
1407 3383 1500 3426 com·
1557 3335 1558 3419 l

321 3467 521 3535 mentatione
551 3470 587 3533 de
622 3466 798 3547 diffareatio
821 3488 906 3550 pros.
936 3473 965 3532 et
993 3473 1074 3552 poet.
1104 3466 1255 3533 orationis
1284 3490 1336 3552 op.
1349 3467 1412 3553 lp.
1431 3441 1558 3532 108

321 3577 408 3641 hisce
428 3576 582 3641 verbis
555 3574 809 3660 circumscripsit
827 3575 944 3659 ellipsis
966 3580 1011 3641 est
1031 3576 1134 3658 ἠρννο
1155 3595 1226 3657 quo
1248 3575 1503 3639 condicendo
1557 3543 1558 3610 l

321 3683 470 3764 aliquid
491 3682 721 3747 dicimua—
744 3681 834 3758 Quae
858 3703 931 3746 cum
954 3682 1001 3746 ita
1025 3681 1092 3746 sint
1114 3685 1181 3746 tres
1208 3679 1329 3746 formas
1353 3680 1503 3746 brevilo-

322 3794 422 3874 quent
423 3788 474 3854 iae
497 3789 582 3874 apud
606 3787 829 3854 Hermannum
852 3788 1134 3875 deprehendimus.

413 3930 440 3996 1.
464 3929 588 4015 prima
621 3930 752 4015 posita
782 3932 888 3997 est
879 3955 918 3997 ιιι
947 3930 1184 4015 integritate
1215 3935 1253 3994 et
1289 3930 1505 3996 verborum
1557 3958 1558 4000 l

323 4041 360 4102 et
383 4037 681 4103 sententiarum:
704 4037 737 4103 id
757 4038 844 4123 quod
863 4038 1021 4103 omissum
1039 4041 1103 4122 est,
1122 4036 1186 4101 etsi
1203 4037 1359 4123 latenter,
1381 4041 1506 4102 tamen
1557 4031 1558 4056 ¹

322 4167 473 4230 expresse
497 4144 616 4209 dicitur
639 4141 692 4231 (cf.
712 4143 822 4210 Herm.
842 4145 862 4210 l.
882 4146 902 4209 l.
921 4169 953 4229 p.
974 4141 1140 4231 151),ut:
1557 4139 1558 4148 ’

481 4258 508 4334 cd
540 4269 641 4353 μῆτερ
673 4263 745 4352 ἥτις
776 4269 811 4335 ἐκ
837 4269 1049 4353 τυραννικῶν
1074 4269 1189 4353 δομῶν
1217 4257 1425 4333 δούλειον
1402 4293 1507 4355 ημαρ

481 4370 620 4458 s'losg,‘
598 4400 644 4452 οις
665 4369 823 4460 πράσσεις
844 4376 962 4456 κακῶς,
985 4369 1129 4457 ὅσονπερ
1152 4365 1189 4439 εὖ
1211 4367 1296 4440 ποτ’·

322 4500 404 4564 latet
428 4502 561 4565 verbum
578 4500 735 4566 omissum
751 4500 940 4585 ἔπρασσες
931 4523 965 4564 m
983 4522 1020 4565 eo
1038 4499 1125 4584 quod
1139 4500 1303 4585 praecedit
1324 4497 1509 4584 πράσσεις.
1557 4499 1558 4546 ἶ
