3152 5222
799 482 1018 548 ..48-

323 650 358 708 ut
381 649 414 708 et
437 667 466 728 q.
484 666 507 708 s.
528 647 585 708 aut
609 643 707 708 dictio
722 642 1005 727 praepositionalis
1028 646 1067 707 ut
1089 641 1313 727 An.1V34,9
1330 645 1382 708 sed
1398 661 1488 722 neque
1561 652 1562 656 ’

323 751 394 815 baec
408 752 442 814 iu
455 751 628 833 principem
642 754 698 814 aut
708 749 864 832 principis
871 753 1034 831 parentem
1048 771 1110 814 om.
1122 749 1217 833 dixi,
1231 787 1272 796 —
1285 749 1364 816 XVI
1376 751 1428 835 tc,
1443 747 1488 833 ltu

324 863 431 922 cantra
445 859 500 938 qui
513 857 729 940 opperiendum
741 856 848 921 damni
861 856 1025 940 censebant,
1043 858 1080 920 de
1093 858 1158 939 ipso
1175 855 1313 922 measa
1330 859 1489 922 eadem.—

327 965 484 1029 Dubitare
507 963 586 1028 licet
600 965 638 1028 de
659 963 741 1048 loco,
765 985 860 1048 quem
874 961 938 1025 huo
956 962 1085 1026 rettulit
1098 961 1254 1048 Heraeus,
1276 962 1362 1028 Hist.
1377 963 1392 1030 I
1410 964 1489 1047 14,2

325 1090 515 1150 quamquam
544 1070 625 1135 nibil
652 1069 753 1134 adbuc
781 1071 817 1134 de
852 1069 971 1134 Vitellio
1000 1074 1115 1134 certum
1138 1092 1199 1135 om.
1227 1071 1395 1135 relatum
1424 1074 1491 1164 est3
1562 1140 1563 1160 3

324 1178 355 1242 J.
378 1177 560 1262 Prammer,
590 1175 744 1242 Zeitschr.
765 1175 795 1240 .f.
826 1179 939 1241 batert.
973 1175 1089 1260 Gymn.
1111 1176 1196 1242 1870
1210 1199 1240 1260 p.
1257 1177 1319 1241 186
1350 1176 1491 1262 suppleri

324 1285 429 1350 voluit
452 1287 549 1369 erat3
572 1288 686 1348 eurum
709 1303 770 1347 esse
791 1304 856 1347 uno
880 1285 1008 1347 tantum
1031 1283 1103 1347 loco
1127 1287 1253 1370 spectat
1276 1284 1385 1369 adid,
1409 1283 1491 1368 quod

325 1395 412 1456 certo
449 1392 566 1476 scitur,
602 1411 662 1454 nec
699 1410 736 1454 eo
773 1388 903 1473 quidem
940 1410 1012 1453 cum
1050 1390 1191 1455 dictione
1226 1389 1492 1476 praepositionali

325 1498 546 1583 coniungitur:
570 1494 611 1560 H.
625 1495 667 1561 ΙΙ.
685 1496 741 1580 18,
773 1497 789 1560 1
816 1517 853 1560 a:
878 1499 992 1560 certrrm
1022 1501 1089 1560 erat
1117 1493 1294 1579 Spurinnae
1367 1497 1511 1576 necdum,

323 1606 439 1670 uenisse
462 1604 644 1679 Caecinam
668 1606 834 1687 praeterea
857 1602 986 1687 saepius
1009 1601 1162 1668 similiter
1183 1603 1317 1688 ponitur
1334 1604 1494 1689 significa·
1563 1641 1564 1686 3

287 1782 289 1788 ,
325 1711 414 1776 tione
440 1701 602 1775 consilii
628 1712 761 1774 certus
786 1708 868 1773 fest
891 1708 1182 1775 entschlossen:
1200 1709 1494 1796 attaliensis

327 1815 443 1882 Caesar
530 1822 627 1881 certus
657 1815 770 1900 praesu
805 1815 878 1879 urbe
912 1816 1029 1902 depere,
1066 1817 1107 1882 al.
1145 1815 1193 1904 (of
1231 1818 1293 1883 lex.
1323 1816 1427 1882 Tacit.
1449 1817 1494 1882 ed.

325 1922 364 1986 Α.
389 1923 511 1989 Gerber
541 1928 574 1989 et
596 1923 635 1989 A.
660 1922 759 1987 Greef
768 1945 800 2006 p.
817 1922 903 2008 165).
950 1921 1013 1987 Sed
1045 1945 1213 2008 nunquam
1244 1925 1327 1989 dixit
1360 1923 1494 1990 Tacitus

327 2035 475 2095 certum
500 2034 583 2095 erat
607 2030 658 2096 de.
703 2027 820 2113 Itaque
842 2027 962 2094 Heraei
987 2030 1235 2116 explicationem
1259 2036 1495 2116 anteponamus

326 2136 512 2202 Prammeri.

414 2244 453 2308 In
472 2244 623 2309 omnibus
642 2242 809 2328 exemplis,
831 2264 914 2327 quae
933 2242 1028 2308 modo
1049 2243 1296 2330 adscripsimus,
1319 2244 1411 2329 sequi
1428 2267 1496 2310 ora·

325 2352 448 2416 tionem
472 2354 529 2416 aut
552 2354 673 2415 rectam
697 2354 755 2414 aut
773 2349 940 2434 obliquam
959 2351 1163 2416 enuntiatum
1182 2351 1362 2437 ellipticum
1380 2357 1496 2417 notan·

326 2459 403 2523 dum
418 2463 477 2544 cst,
491 2481 565 2523 cum
583 2480 620 2523 ca
639 2480 672 2522 re
692 2456 826 2522 omissio
841 2457 933 2522 verbi
948 2457 1076 2522 dicendi
1092 2457 1297 2542 aliquatenus
1317 2462 1498 2524 excusetur.

414 2562 449 2652 b)
472 2565 609 2630 verbum
632 2563 750 2648 agendi
773 2563 949 2629 omittitur:
1565 2607 1566 2628 r

414 2671 455 2737 H.
469 2672 485 2736 I
501 2672 553 2756 36,
574 2670 681 2754 11t13:
703 2688 782 2755 „uec
803 2671 906 2735 deerat
929 2670 1006 2736 Otho
1022 2672 1209 2753 protendens
1230 2692 1344 2738 manus
1364 2674 1500 2738 adorare

325 2780 462 2864 romum,
491 2779 590 2842 iacere
619 2778 723 2843 oscula
745 2782 774 2842 et
802 2779 908 2842 omnia
937 2776 1087 2842 serviliter
1103 2796 1164 2860 pro
1194 2778 1433 2845 dominatione“
1456 2802 1499 2845 se.

326 2887 461 2952 facere.
497 2922 539 2931 —
576 2883 618 2950 H.
641 2884 691 2950 ΙΙΙ
722 2885 778 2969 63,
811 2885 861 2968 1s2
893 2884 1027 2967 abrupta
1057 2886 1192 2968 undique
1222 2905 1274 2968 spe
1312 2887 1501 2952 Vitellianus

326 2995 413 3059 miles
436 2993 626 3057 transuurus
647 2991 682 3055 iu
699 2995 815 3074 partes,
838 2991 930 3072 idque
955 3008 1018 3054 nou
1047 2993 1114 3056 siue
1135 2993 1239 3057 decore
1262 2989 1319 3078 (sc.
1337 2991 1500 3080 facturus)

325 3100 379 3163 sed
394 3099 449 3164 sub
467 3100 565 3182 srpnis
582 3096 772 3181 vexillisque,
794 3097 830 3161 in
848 3097 993 3162 subiectos
1012 3098 1157 3163 Narniae
1175 3117 1297 3181 campos
1315 3101 1501 3166 descendere.

415 3203 542 3268 Dubius
566 3208 616 3268 est
645 3204 735 3268 locus
759 3201 820 3268 An.
834 3202 883 3268 IV
906 3204 962 3289 12,
995 3206 1033 3268 11
1061 3226 1126 3290 seq.
1146 3206 1243 3289 ipitur
1272 3209 1503 3273 contumaciam

326 3314 392 3377 eius
404 3312 559 3396 insectari,
576 3315 660 3375 uetus
678 3310 838 3392 Aupustae
855 3311 969 3396 odium,
991 3317 1137 3376 recentem
1154 3313 1265 3378 Iuniae
1282 3315 1503 3379 conscientiam

326 3419 493 3502 ecapiture,
515 3423 551 3482 ut
571 3416 732 3501 surperbam
749 3416 947 3502 fecunditate,
974 3419 1139 3484 subuircam
1160 3420 1366 3504 popularibus
1387 3423 1504 3486 studiis

328 3527 449 3591 inhiare
470 3525 676 3590 dominationi
697 3525 784 3606 apud
805 3523 967 3590 Caesarem
985 3531 1155 3608 arpuerent.
1192 3527 1294 3608 Atque
1315 3526 1388 3591 baec
1410 3529 1503 3592 calli·

326 3635 375 3698 dis
398 3633 662 3718 criminatoribus,
685 3632 766 3696 inter
790 3653 864 3713 quos
886 3633 1035 3715 deteperat
1056 3632 1181 3698 dulium
1203 3632 1397 3699 Postumum.
1442 3633 1503 3700 Se·

327 3740 468 3805 eundum
504 3740 663 3804 rationem
701 3739 950 3823 grammaticam
987 3739 1106 3804 offendi
1134 3762 1200 3805 non
1237 3743 1347 3824 potest
1380 3740 1414 3804 in
1446 3741 1503 3806 his

327 3846 451 3930 verbis3
475 3846 646 3929 suppletur
669 3844 754 3910 enim
777 3845 932 3909 facillime
963 3845 1045 3930 egit
1072 3851 1148 3930 post
1167 3851 1259 3926 atque
1281 3846 1354 3911 bam
1376 3847 1506 3913 callidis

327 3952 594 4036 criminatoribus,
634 3951 788 4037 quoniam
815 3950 963 4037 Tacitus,
1001 3975 1065 4037 qua
1104 3957 1175 4019 erat
1206 3952 1389 4018 delatorum
1422 3976 1504 4020 oon·

327 4059 525 4144 temptione,
558 4057 783 4122 criminatores
814 4057 890 4122 illos
914 4058 1007 4142 quasi
1031 4059 1249 4124 instrumenta
1271 4060 1414 4125 habebat
1445 4057 1504 4148 (cf.

326 4164 424 4250 Nipp.
436 4165 478 4230 ad
491 4163 553 4230 An.
563 4164 596 4230 Π
610 4165 660 4250 79,
678 4165 718 4228 10
733 4186 757 4228 s.
772 4161 928 4246 monetque
946 4185 984 4229 ue
1002 4171 1105 4230 castra
1124 4167 1360 4249 corruptoribus,
1378 4187 1416 4230 ue
1424 4187 1506 4249 pro·

327 4273 462 4336 muciam
485 4272 559 4338 bello
583 4277 725 4356 temptet).
771 4270 928 4336 Attamen
951 4272 1087 4336 offendit
1107 4271 1254 4359 Madvig,
1277 4274 1347 4339 adv.
1370 4272 1443 4338 crit.
1466 4273 1506 4340 II

328 4377 454 4463 pecs,
484 4380 624 4466 repetito
647 4377 792 4444 Emestii
814 4378 872 4442 illo
902 4379 1035 4463 iudicio,
1065 4400 1129 4463 quo
1158 4383 1299 4464 negatur
1327 4381 1361 4445 in
1389 4380 1506 4446 verbis

329 4484 482 4549 extremis
506 4487 779 4552 constructionem
803 4488 860 4550 aut
883 4485 1077 4552 sententiam
1103 4490 1263 4572 constare,
1293 4485 1506 4572 mutavitque
