3230 5220
771 484 1013 548 -130-

304 643 392 726 quia
411 644 578 710 transitum
591 642 675 710 Padi
695 643 931 710 simulabant
951 645 1097 732 aduersus
1113 643 1280 728 obpositam
1298 664 1427 709 manum
1440 664 1480 710 ac

304 769 343 814 ne
365 754 399 814 et
413 772 443 834 q.
457 772 499 835 s.;
527 772 632 835 neque
655 751 755 816 verba
780 755 895 820 nostra
924 751 1057 836 perinde
1089 750 1244 836 explicari
1273 753 1410 835 possunt
1440 773 1480 816 ac

306 857 334 921 si
358 856 444 922 dictu
468 861 577 922 essent
595 879 654 941 pro
673 857 814 923 iuctoato
825 863 928 943 ponte,
950 865 993 923 nt
1016 858 1182 922 transitum
1197 858 1482 922 ...simularent

305 965 451 1030 adoersrcs
472 965 639 1046 obpositam
661 986 790 1030 manum
812 986 849 1030 ac
870 986 908 1028 ne
932 970 964 1030 ct
978 988 1008 1050 q.
1023 987 1062 1049 s,
1090 964 1167 1049 quia
1188 964 1362 1049 participio
1386 986 1480 1049 prae

305 1071 407 1135 sentis
430 1071 480 1135 vis
503 1066 611 1136 finalis
634 1071 801 1156 participii
823 1071 924 1136 futuri
942 1071 1075 1157 propria
1092 1070 1248 1155 subiungi
1270 1093 1336 1136 uon
1358 1074 1479 1156 potest.

306 1175 395 1254 Quae
418 1165 492 1242 curu
513 1177 561 1242 ita
584 1178 659 1264 sint,
682 1179 802 1243 iustum
825 1199 891 1243 non
913 1178 1007 1244 video
1031 1177 1214 1261 explicandi
1232 1178 1394 1243 rationem
1413 1177 1479 1242 nisi

306 1305 387 1369 eum,
409 1307 505 1369 quum
530 1307 628 1370 supra
649 1284 893 1369 proposuimus:
923 1284 1050 1350 indem
1080 1285 1136 1350 sie
1160 1284 1382 1370 gegentibcr
1410 1285 1480 1348 der

306 1391 425 1456 ihnen
448 1390 868 1476 entgegengestellteu
888 1390 1293 1476 Gladiatorentruppe
1312 1392 1387 1455 und
1411 1391 1479 1456 du-

307 1497 376 1562 mit
399 1497 459 1563 dic
490 1497 601 1581 cigno
624 1496 882 1562 Munnsuhaft
911 1498 1021 1563 nicht
1050 1501 1163 1582 trigo
1193 1497 1300 1562 Ruhc
1328 1497 1481 1585 pilege,

306 1603 427 1670 durch
446 1604 599 1689 Beginn
622 1604 727 1669 eines
746 1603 1050 1669 Bruokenbuues
1074 1603 1159 1668 sich
1182 1605 1257 1669 den
1279 1604 1480 1670 Auschein

307 1711 445 1796 gabon,
474 1711 532 1775 uls
556 1711 717 1776 wollteu
747 1711 803 1775 sie
833 1710 904 1776 den
927 1696 1051 1775 Pudus
1080 1709 1392 1795 tiberschreiten,
1416 1712 1479 1776 vel

306 1817 362 1883 sie
393 1818 602 1883 rechneten
633 1817 700 1882 auf
733 1817 793 1882 die
825 1817 1014 1882 Thorheit
1051 1817 1116 1882 der
1149 1816 1310 1901 Fciude,
1346 1817 1479 1882 iudom

306 1925 362 1989 sie
391 1924 511 1989 durch
539 1923 690 2008 Bcginu
724 1924 830 1990 einer
853 1924 1002 1990 Brtioke
1032 1907 1241 2010 [lbergang
1276 1924 1369 1990 tiber
1404 1925 1481 1989 den

306 2030 431 2097 Padus
455 2030 701 2115 heuchelten,
731 2030 814 2096 eine
838 2031 1068 2117 Massregel,
1096 2031 1157 2096 die
1182 2030 1377 2116 goriohtet
1400 2053 1481 2096 vvar

306 2158 428 2224 gagen
461 2138 521 2202 die
556 2138 941 2223 entgegenstehende
972 2137 1372 2222 Gladiatorentruppe
1402 2139 1480 2202 und

306 2266 388 2310 zum
433 2243 565 2309 Zweck
616 2244 745 2330 hatte,
797 2245 857 2309 die
899 2246 1022 2330 *cigno
1070 2243 1317 2310 Mannschaft
1367 2245 1481 2309 nicht

305 2354 439 2436 triger
461 2350 569 2415 Ruhe
598 2350 682 2416 sich
710 2351 906 2436 hingcben
935 2375 978 2416 zu
1001 2352 1140 2416 lusson.
1162 2387 1206 2397 -—
1228 2349 1315 2416 Loco
1339 2351 1480 2416 membri

305 2458 412 2544 priore
439 2459 511 2524 loco
539 2457 638 2541 positi
669 2461 759 2544 extat
794 2458 950 2523 dativus
982 2459 1189 2542 gerundivi
1218 2458 1333 2523 finali
1361 2479 1480 2524 sensu

305 2564 523 2649 praeditus:
564 2561 625 2629 Au.
646 2563 695 2630 111
721 2565 778 2650 31,
802 2567 824 2628 4
849 2587 931 2649 seq.:
967 2567 1033 2630 etus
1057 2567 1136 2630 auni
1157 2566 1312 2649 prina'uoio
1338 2565 1481 2632 Tiberius

305 2673 397 2754 quasi
417 2672 633 2752 firmandae
654 2671 866 2754 ualetudini
888 2674 924 2736 in
943 2671 1150 2755 Campaniam
1171 2673 1326 2757 concessit,
1354 2673 1481 2756 lonyam
1612 2653 1613 2734 ζ

305 2783 334 2841 et
355 2779 532 2844 cantianam
555 2779 726 2843 absentiam
741 2779 900 2861 paulatim
922 2780 1087 2865 meditans,
1109 2781 1186 2844 sice
1207 2785 1248 2844 ut
1268 2784 1368 2844 amoto
1384 2784 1481 2862 pauc

306 2883 431 2949 Drusus
463 2886 574 2950 munia
609 2886 785 2950 consulatus
820 2886 904 2950 solus
939 2887 1114 2969 impleret.
1171 2884 1284 2952 Solus
1321 2886 1479 2952 dativus

305 2991 441 3056 finalis
461 2991 619 3056 extatAn.
627 2990 688 3055 XV
696 2993 801 3076 28„ss
812 3014 890 3076 seq.:
913 2993 962 3057 die
977 2998 1072 3076 pacta
1088 2993 1228 3058 Titurius
1241 2994 1419 3058 uniatur

306 3101 335 3160 et
353 3097 536 3162 Vinicianus
553 3100 681 3163 Annius
752 3100 786 3162 in
809 3104 911 3164 costra
934 3099 1087 3164 Tiridatis
1108 3120 1225 3184 uenere,
1247 3099 1378 3164 tonori
1399 3102 1480 3166 eius

306 3223 348 3268 aa
378 3225 421 3268 ne
451 3209 630 3269 metueret
660 3206 792 3270 insidias
824 3206 882 3271 tali
906 3207 1044 3289 piynorc.
1076 3242 1120 3252 -
1152 3205 1379 3272 Ablutivum
1411 3206 1479 3272 ab·

308 3310 480 3376 solutum
503 3311 650 3395 sequitur
673 3311 878 3377 enuntiatum
900 3313 997 3378 finale
1017 3313 1078 3378 An.
1093 3311 1141 3378 IV
1155 3313 1192 3398 8,
1210 3313 1324 3398 4scq.:
1346 3317 1480 3378 ceterum

309 3417 449 3482 Tamus
465 3439 525 3500 uer
546 3438 649 3484 omnes
680 3419 865 3484 valetudinis
896 3420 962 3484 circs
991 3420 1068 3504 dies,
1099 3420 1202 3485 nrcllo
1233 3425 1329 3484 metu
1359 3441 1407 3484 an
1437 3425 1483 3484 ut

305 3525 530 3606 firmitudinem
543 3526 644 3589 animi
657 3531 826 3611 ostentaret,
889 3527 1010 3592 curiam
1023 3529 1177 3610 inoressus
1190 3531 1251 3603 esu
1263 3563 1304 3573 —
1313 3525 1374 3591 XV
1382 3526 1435 3604 64,
1445 3527 1481 3591 l:

307 3636 341 3695 at
362 3631 446 3696 Nero
468 3632 571 3697 nullo
594 3633 633 3696 iu
655 3631 856 3697 Paulinam
875 3635 1035 3716 proprio
1057 3634 1139 3698 odio
1169 3655 1213 3698 ac
1238 3654 1281 3697 ne
1304 3633 1483 3716 glisceret

306 3739 428 3802 inuidia
455 3739 658 3823 crudelitatis,
693 3739 774 3804 iubet
803 3736 891 3825 (odd.
903 3735 1074 3825 Heinsius)
1104 3738 1236 3804 inhiberi
1270 3745 1406 3806 uorum.
1440 3776 1477 3784 -

307 3843 420 3908 Priore
449 3844 520 3908 loeo
550 3845 590 3909 in
619 3845 768 3911 modum
798 3846 1062 3930 appositionis
1094 3846 1242 3912 causali
1272 3847 1311 3911 vi
1343 3847 1481 3930 posita

308 3955 399 4015 sunt
421 3951 634 4036 participia
657 3959 726 4018 aut
748 3951 958 4018 adiectivu:
978 3951 1040 4019 An.
1054 3951 1117 4018 XII
1134 3948 1163 4038 8,
1178 3955 1196 4017 l
1213 3974 1292 4037 sequ
1315 3953 1479 4036 atAoru'ur·

301 4058 396 4141 pina,
424 4078 462 4121 ne
484 4057 578 4122 malis
600 4062 722 4122 tantum
741 4058 933 4144 facinoribus
954 4064 1125 4144 notesceret,
1154 4061 1276 4124 corcram
1304 4060 1393 4126 eutlii
1414 4080 1480 4142 pro

169 4191 171 4198 ·
307 4164 439 4228 Annaeo
453 4163 581 4250 Seneca,
603 4165 699 4230 simul
714 4170 899 4248 praeturam
928 4167 1085 4251 inuoetrat,
1115 4167 1228 4232 laetum
1258 4168 1292 4232 in
1316 4166 1481 4249 publicum

307 4275 392 4335 rota
414 4270 450 4334 od
472 4270 687 4336 claritudinem
708 4273 881 4337 studiorum
907 4275 971 4338 eius
992 4278 1100 4356 utque
1113 4273 1247 4338 Domitii
1262 4274 1402 4356 pueritia
1420 4274 1481 4338 tali

307 4377 454 4459 maoistm
476 4379 697 4444 adolesceret
717 4384 746 4444 et
767 4379 904 4444 consiliis
925 4380 1057 4444 eiusdem
1084 4381 1128 4445 ad
1152 4400 1235 4462 spem
1257 4381 1481 4446 dominationis

307 4489 497 4550 uterentur
532 4490 565 4550 et
579 4508 609 4570 q.
623 4508 662 4570 s,
692 4485 713 4549 i.
732 4507 758 4552 e.
781 4484 858 4570 quia
889 4485 1012 4550 laetum
1044 4485 1079 4550 in
1110 4486 1276 4570 publicum
1311 4485 1357 4570 (id
1391 4483 1479 4573 esse)
