3158 5226
776 453 995 516 ...gg-

301 613 488 679 Jahresber.
506 613 591 679 1815
610 636 641 697 p.
660 612 727 697 38).
783 609 846 676 Sed
877 610 999 675 collato
1031 611 1104 675 loco
1135 609 1197 675 An.
1216 608 1278 674 XV
1297 608 1332 694 5,
1352 610 1394 674 12
1419 606 1478 695 (cf.
1570 687 1571 690 Ἴ

301 718 481 804 Nipperdai
504 714 760 803 adnotationem)
786 717 1009 782 emendatione
1038 715 1098 781 tali
1122 737 1203 801 opus
1227 720 1373 780 nonest.
1411 714 1478 780 Ta·

279 825 386 891 ‘citus
411 825 474 891 duc
499 825 559 891 illa
576 823 739 910 prodigia,
766 845 849 908 quae
870 822 1077 888 continentur
1103 822 1209 888 verbis
1234 823 1478 908 surra-insedit,
1570 835 1571 838 ’

303 931 421 1016 quibus
444 931 515 1017 ipsa
537 931 634 996 fidem
656 929 770 1014 habet,
793 933 830 995 ut
853 952 888 995 re
911 951 988 994 vera
1016 928 1104 993 facta
1128 927 1283 994 describit
1310 929 1479 1015 simulque

303 1037 363 1104 hae
385 1036 603 1122 descriptione
625 1037 767 1102 latenter
790 1035 954 1121 significat
968 1035 1081 1100 'etiam
1111 1034 1152 1100 ab
1176 1035 1230 1120 iis,
1257 1036 1315 1121 qui
1341 1036 1406 1122 ipsi
1435 1059 1481 1102 ea

303 1143 472 1230 vidissent,
494 1144 591 1209 fidem
609 1143 757 1208 habitam
776 1164 847 1208 esee
870 1141 937 1207 illis
961 1141 1135 1207 miraculis.
1171 1141 1264 1218 Quod
1287 1142 1392 1208 facere
1416 1165 1479 1229 po·
1570 1189 1571 1192 κ

302 1248 377 1335 tuit,
399 1249 476 1335 quia
499 1271 592 1315 suam
615 1254 649 1315 et
672 1249 764 1334 vulgi
787 1249 876 1314 illius
899 1248 996 1313 fidem
1019 1248 1106 1313 inter
1127 1269 1162 1314 sa
1181 1250 1364 1314 consentire
1386 1249 1481 1314 baud

303 1355 484 1442 ignorabat.
526 1353 588 1420 Sed
611 1355 668 1420 ubi
691 1355 790 1421 verba
816 1354 964 1420 facienda
987 1359 1079 1420 arant
1102 1353 1216 1420 Tacito
1241 1355 1280 1419 de
1303 1354 1482 1442 prodigiis,
1570 1409 1571 1412 η

304 1484 387 1547 quaa
410 1463 528 1547 vulgus
551 1460 682 1547 quidem
707 1460 867 1546 credebat,
889 1461 946 1526 sed
969 1461 1039 1548 ipsa
1056 1484 1123 1527 non
1142 1461 1301 1548 credebat,
1323 1483 1387 1527 non
1407 1462 1480 1527 iam

304 1567 445 1634 latenter
468 1567 559 1652 vulgi
586 1569 684 1634 fidam
713 1567 859 1632 oratione
887 1573 976 1632 recta
1003 1567 1152 1633 adhibita
1179 1568 1354 1652 depingere
1383 1569 1414 1633 ei
1437 1569 1482 1633 li-
1570 1557 1571 1632 J

305 1672 380 1758 cuit,
404 1673 459 1739 sed
483 1674 630 1740 oratione
654 1675 787 1759 obliqua
810 1673 859 1738 uti
883 1672 1004 1758 debuit,
1027 1696 1091 1758 qua
1114 1673 1207 1759 quasi
1226 1674 1261 1738 in
1280 1675 1483 1741 sententiam

305 1781 454 1846 credulae
478 1780 697 1847 multitudinis
720 1779 952 1846 induceremur.

394 1885 583 1972 Nipperdey
607 1891 776 1972 praeterea
798 1886 979 1952 cretionem
998 1885 1163 1970 obliquam
1181 1890 1295 1952 nostro
1314 1888 1386 1953 loco
1404 1889 1485 1954 fieri

305 2014 371 2058 non
394 2013 491 2078 posse
516 1994 696 2078 contendit,
719 1992 795 2080 quia
818 2014 969 2078 persona,
992 1993 1031 2057 de
1053 1991 1145 2057 cuius
1172 1994 1279 2058 verbis
1308 1995 1361 2060 vel
1388 1998 1484 2080 cogi-

306 2099 486 2165 tationibus
517 2104 682 2185 ageretur,
714 2099 749 2163 in
779 2098 1044 2164 antecedentibus
1074 2103 1256 2164 memorata
1285 2123 1350 2166 non
1380 2108 1484 2168 esset.

306 2204 452 2272 Minime!
498 2205 642 2271 Persona
665 2205 751 2272 enim
775 2227 888 2292 agens,
911 2208 949 2270 ut
971 2205 1019 2270 ita
1042 2204 1163 2290 dicam,
1186 2206 1267 2271 satis
1291 2207 1486 2292 significata
1570 2199 1571 2210 ¹

278 2386 280 2392 ¹
307 2315 357 2377 est
389 2316 422 2377 at
454 2312 553 2378 verbo
584 2312 783 2397 cognitum
818 2316 878 2377 est
907 2317 941 2378 et
969 2312 1069 2377 verbo
1099 2313 1391 2380 numerabatur:
1428 2323 1486 2384 est

307 2421 416 2485 autem
439 2420 570 2506 vulgus:
594 2418 630 2484 cf.
647 2417 710 2483 XII
725 2418 755 2505 5,
769 2417 790 2484 5
805 2421 838 2484 51
852 2441 882 2503 q.
897 2441 922 2484 s.
1570 2411 1571 2416 ¹

375 2677 409 2732 0.
431 2677 585 2733 Verbum
595 2689 718 2744 ragone
734 2676 906 2760 enuntiati
915 2675 1072 2746 primarii
1085 2677 1225 2746 proprie
1239 2679 1284 2734 ad
1300 2679 1411 2736 obiec-

374 2776 451 2830 tum
465 2773 610 2844 aliquod
622 2774 788 2844 pertinet3
802 2774 922 2844 itaque
935 2787 1007 2829 non
1020 2773 1136 2844 ipsum
1150 2776 1195 2831 ad
1209 2780 1413 2845 aequantem

375 2871 568 2928 orationem
595 2871 773 2942 obliquam
805 2871 930 2928 referri
961 2874 1092 2941 potest,
1124 2886 1194 2942 qua
1225 2885 1279 2941 ea,
1321 2887 1412 2944 quae

376 2970 556 3026 enuntiato
570 2969 735 3039 primerio
749 2969 865 3026 verbie
880 2969 1131 3040 sententiisque
1153 2971 1312 3028 absoluto
1331 2983 1411 3028 eon-

375 3067 544 3135 tinentur,
562 3066 758 3123 accuratius
777 3065 1007 3137 explicentur.
1039 3068 1249 3139 Plerumque
1263 3071 1411 3127 verbum

376 3177 499 3234 regens
534 3166 587 3220 est
615 3165 763 3220 verbum
791 3165 930 3221 dicendi
956 3148 1014 3221 ¹vol
1041 3166 1228 3234 sentiendi.
1259 3182 1328 3238 quo
1355 3182 1413 3225 res

681 3275 888 3333 magnopere
911 3263 1105 3334 expeditur.

399 3376 560 3462 1115130,
581 3378 635 3442 14:
670 3413 713 3424 -
740 3398 814 3444 suae
845 3379 1031 3462 eloquentiae
1065 3379 1147 3444 uelut
1176 3383 1334 3463 quandum
1372 3384 1489 3450 educa
1570 3369 1571 3386 ¹

309 3487 422 3551 te'ouem
443 3483 537 3564 refert
560 3481 623 3570 (sia
637 3504 717 3550 corr.
736 3483 792 3571 B):
824 3505 855 3551 sc
882 3486 967 3569 apud
989 3485 1024 3566 Q.
1038 3485 1182 3550 Mucium
1210 3489 1259 3552 tue
1285 3489 1372 3554 etrite
1398 3491 1489 3558 didi·
1570 3549 1571 3576 ,

310 3593 384 3658 cisse
416 3594 449 3655 et
472 3612 501 3674 q.
521 3611 561 3676 s.;
590 3627 630 3637 -
661 3589 980 3676 H.150,10seq.:
1020 3593 1193 3658 cariturum
1226 3594 1343 3660 Italiae
1362 3603 1490 3662 ..uota
1570 3585 1571 3594 ¹

304 3697 502 3782 publicarum
530 3696 665 3762 abritum
693 3699 822 3762 neruiue
851 3698 1066 3781 loquebantur:
1091 3719 1188 3782 prope
1216 3721 1349 3766 5555155
1380 3703 1490 3769 orbem

311 3808 345 3870 et
366 3824 395 3889 q.
414 3825 453 3887 s.;
481 3837 522 3850 -
553 3801 737 3888 1116‚13:
773 3804 905 3870 luterem
941 3805 1101 3870 r'uaotr‘turu
1131 3808 1237 3888 perosi
1266 3808 1489 3890 iurtrmttrtem
1570 3843 1571 3846 ¹

310 3929 401 3976 suoru
433 3909 634 3992 reputabant:
668 3909 804 3974 15551555
838 3929 899 3976 esse
932 3931 1026 3993 quom
1060 3913 1223 3978 incolerent
1260 3918 1293 3979 et
1311 3936 1341 3998 q.
1361 3936 1399 4000 s.;
1439 3953 1489 3965 -
1570 3901 1571 3912 ³

311 4013 430 4116 ivae,
449 4014 485 4080 8:
518 4015 571 4080 sed
600 4014 782 4100 Mucianus,
808 4018 890 4098 qued
914 4018 970 4082 dtu
997 4018 1209 4103 5551155551,
1241 4025 1277 4084 ut
1302 4042 1404 4087 recens
1433 4044 1488 4088 ee-

306 4122 474 4206 prompsr't:
496 4122 644 4204 quoutcru
665 4122 849 4206 benique'tute
871 4123 960 4188 deum
981 4124 1100 4205 fructae
1122 4124 1254 4190 bostium
1273 4127 1352 4191 eires
1372 4125 1491 4214 furere,
1570 4107 1571 4114 ¹

306 4248 424 4312 paruum
452 4229 553 4294 1155555
581 4227 801 4294 Domitiorum
830 4230 960 4310 coufeetc
984 4249 1081 4312 prope
1110 4231 1183 4296 detto
1219 4233 1339 4298 5115555
1365 4234 1491 4316 ptmuue
1570 4297 1571 4300 ,

312 4336 570 4412 deterreaturum;
587 4369 631 4382 -·-
648 4333 727 4421 V5,
743 4335 797 4401 18:
826 4336 938 4402 Iudaei
964 4340 1062 4402 nuuc
1088 4337 1155 4403 solo
1181 4358 1338 4422 uarumque
1368 4361 1490 4408 numen

313 4441 505 4524 iuteltquut:
527 4441 679 4526 mosanas
708 4442 762 4525 qut
788 4443 878 4508 51555
900 4443 1049 4526 15551555
1076 4444 1257 4510 mamithus
1283 4447 1423 4512 roteriis
1449 4450 1491 4514 iu
