3152 5222
17 3609 19 3728 l

17 3927 19 4040 l

604 476 799 540 ..5-

17 671 18 676 κ
133 635 414 700 accuratissime
459 656 650 720 perpensa
690 657 771 699 eam
812 655 1055 700 secernamus
1093 656 1112 697 a
1148 633 1288 698 simili-

132 741 191 806 bus
222 745 381 806 ornatae
422 741 614 806 orationis
650 741 870 825 generibus,
903 740 1107 806 historiam
1144 761 1288 826 eorum,

131 871 216 933 quae
243 848 288 913 ab
311 847 602 936 antiquissimis
626 846 867 932 temporibus
890 847 1072 913 terminis
1096 846 1287 932 „ellipsis,

131 975 290 1042 zeugma,
327 955 586 1040 aposiopesis,
620 951 905 1040 brachylogia“
941 952 1149 1017 subiuncta
1185 958 1288 1039 sunt,
1361 961 1363 966 ’

130 1060 290 1127 breviter
316 1053 568 1126 narrabimus.
613 1059 753 1126 Videtur
779 1059 841 1124 hoo
870 1082 907 1124 eo
935 1059 1041 1144 magis
1068 1059 1286 1124 necessarium

129 1189 204 1254 esse,
226 1169 312 1252 quod
331 1191 396 1232 non
415 1168 521 1232 solum
544 1168 621 1232 talis
644 1167 782 1233 historia
800 1167 895 1252 plene
915 1187 952 1230 ac
969 1165 1111 1250 perfecte
1137 1166 1172 1230 ni
1190 1165 1289 1230 fallor

17 1321 18 1360 3
129 1275 223 1340 adhue
245 1275 368 1360 scripta
390 1297 456 1339 non
479 1277 543 1358 est,
570 1273 625 1338 sed
655 1273 753 1339 etiam
776 1272 859 1337 nihil
888 1271 1025 1358 cogitari
1052 1275 1175 1356 potest,
1203 1272 1288 1356 quod

17 1407 18 1412 ¹
128 1382 222 1468 magis
253 1405 314 1446 nos
347 1382 491 1466 adiuvet,
527 1385 566 1459 uc
596 1380 753 1446 terminos
787 1381 851 1444 huc
887 1377 1086 1462 pertinentes
1123 1377 1288 1442 subtiliter

17 1517 18 1556 1
127 1510 350 1574 cognoscamus
369 1510 407 1553 ac
425 1487 646 1552 diiudicemus.
678 1486 750 1563 Qua
763 1487 798 1551 in
812 1509 846 1552 re
864 1484 1139 1551 lubentissime
1163 1484 1305 1558 confi.

17 1663 18 1666 ,
127 1599 331 1660 temumnos
351 1617 426 1660 non
445 1617 529 1660 esse
549 1597 721 1660 amantes
740 1593 994 1659 terminorum
1012 1591 1183 1678 illorum,
1206 1614 1287 1656 cum

17 1729 18 1794 j
127 1724 195 1766 rem
217 1709 339 1788 ipsam
362 1725 437 1767 non
461 1701 561 1766 satis
586 1701 787 1766 enucleate
806 1699 1036 1786 significent
1054 1721 1213 1783 cumque
1232 1720 1288 1783 ea,

127 1829 215 1892 quae
237 1808 288 1873 iis
313 1808 437 1873 subici
461 1812 625 1893 possunt
648 1813 686 1873 et
703 1807 827 1873 variis
850 1805 1091 1892 temporibus
1111 1805 1288 1870 subiecta

125 1919 221 2000 sunt,
247 1915 363 1981 nimis
391 1916 494 1980 inter
522 1936 561 1979 se
589 1913 812 1999 discrepent
839 1909 892 2000 (cf.
911 1912 1177 1996 controversiam,
1206 1933 1287 1996 quae

17 2053 18 2105 ,
123 2020 182 2086 fuit
199 2021 386 2086 Andreseno
406 2043 478 2086 eum
498 2021 663 2107 Draegero
681 2021 717 2084 in
735 2019 923 2086 Zeitschrift
940 2018 993 2084 fiir
1011 2019 1068 2083 das
1085 2017 1288 2100 Gymnasial-

124 2149 222 2193 wesen
237 2129 319 2194 1871
333 2152 363 2213 p.
375 2129 436 2193 801
454 2150 533 2213 seq.3
549 2128 634 2192 1872
645 2151 674 2211 p.
685 2127 760 2212 295,
774 2123 894 2214 29819).
921 2125 937 2190 I
964 2147 1059 2210 aque
1074 2125 1156 2190 sine
1171 2123 1287 2189 dubio

17 2302 18 2315 ,
124 2235 268 2299 cautius
306 2233 515 2299 adhibendi
552 2236 654 2320 sunt,
682 2238 730 2306 ⁵et
769 2255 811 2298 ee
849 2232 1001 2317 quidem
1040 2231 1207 2316 ratione,
1245 2234 1288 2295 ut

17 2405 18 2430 ,
123 2341 424 2426 diligentissime
446 2340 687 2426 pensitamus
711 2361 775 2405 eos
795 2362 904 2405 veros
925 2338 1079 2424 quidem
1100 2359 1198 2423 esse,
1221 2337 1286 2403 sed

121 2448 195 2513 nisi
230 2448 336 2513 iusta
372 2447 589 2533 explicatio
626 2447 799 2532 accedat,
835 2445 1024 2531 plurimos
1057 2444 1217 2531 gignere
1250 2447 1287 2508 et

122 2555 300 2620 maximos
325 2576 483 2620 errores.
517 2550 570 2640 (G.
589 2550 779 2639 Hermann.)

593 2810 817 2879 Excursus.

160 2961 340 3028 Historia
367 2960 621 3027 terminorum
653 2961 892 3046 quorundam
921 2962 965 3026 ad
994 2982 1057 3025 eas
1085 2960 1241 3025 dicendi

120 3057 130 3074 ⁰
159 3070 305 3136 formas
324 3067 622 3155 pertinentium,
641 3090 736 3152 quae
754 3069 856 3133 fiunt
875 3089 941 3153 per
960 3067 1240 3132 detractionem

455 3170 508 3260 (cf.
531 3173 723 3250 Quintilian.
743 3175 790 3239 lX
809 3175 844 3261 3,
867 3171 935 3260 58).

202 3301 344 3367 Fontes
373 3301 411 3363 et
438 3298 628 3364 subsidia:

118 3409 259 3475 Rbatcrcs
282 3407 375 3472 latim
396 3407 530 3471 minores
554 3404 602 3470 ed.
624 3403 752 3469 Halm.

120 3507 323 3573 arcamarcaa·
346 3514 439 3578 latini
462 3535 500 3578 ex
525 3533 646 3577 reeens
670 3510 712 3577 H.
735 3510 866 3577 Keilii.

117 3614 259 3682 Rbetrres
282 3617 396 3684 Graeci
419 3620 466 3685 ed.
490 3619 599 3684 Walz
623 3621 657 3682 et
680 3617 856 3703 Spengel.

118 3719 309 3812 Sanctius,
332 3727 479 3791 Minerva
501 3726 549 3792 ed.
567 3725 687 3810 Bauer,
711 3747 784 3790 cum
802 3722 889 3790 notis
908 3723 1069 3789 Perizonii
1088 3727 1121 3790 et
1140 3720 1285 3809 Scioppii

275 3833 375 3918 1801,
397 3832 460 3898 vol.
479 3832 512 3897 II
531 3856 563 3918 p.
584 3833 601 3896 1
622 3853 688 3916 seq.

117 3934 346 4024 Gronovius,
369 3940 588 4004 observationes
610 3938 669 4003 IV
686 3960 755 4023 cap.
779 3940 799 4002 2
823 3937 872 4004 ed.
894 3937 1028 4004 Platner
1052 3931 1162 4002 1755.Δ
1246 3933 1252 3942 ’

119 4043 349 4110 Grammaticus
373 4047 489 4111 latinae
507 4044 657 4131 Alvari,
680 4043 887 4129 scaligeri,
909 4043 1062 4130 Ursini,
1086 4040 1284 4128 Broederi,

272 4148 1283 4237 Ruddimanui,'ltamshornii,Weissenbornii,Krii·

274 4259 374 4344 geri,
396 4257 579 4344 Zumptii,
602 4257 637 4323 F.
661 4256 851 4342 Schulzii,
875 4255 1061 4340 Kiihneri,
1089 4256 1238 4320 aliorum.

117 4364 152 4430 G.
170 4365 380 4451 Hermann,
398 4367 434 4431 de
450 4366 552 4448 ellipsi
569 4366 604 4430 in
622 4366 730 4448 linqua
746 4384 870 4448 praeca,
889 4385 938 4448 op.
958 4361 975 4426 I
994 4386 1025 4447 p.
1041 4361 1117 4448 1483
1138 4362 1200 4427 181
1217 4383 1284 4448 seq.

115 4469 144 4535 J.
167 4469 224 4538 Fr.
248 4471 406 4557 Grimm,
429 4472 547 4537 libellus
569 4473 605 4537 de
626 4471 782 4554 ellipsibas
806 4470 901 4534 1743.
