3158 5226
590 485 831 551 -151-

3 617 4 682 4
117 642 329 724 periculorum
346 648 376 706 et
391 643 572 709 ineolurmem
593 645 659 726 fore
674 650 834 728 protatur:
857 644 1057 730 Boettieher,
1080 644 1174 729 proll.
1191 667 1221 728 p.
1238 643 1293 727 793

124 750 159 811 at
178 747 217 813 ef.
230 746 429 834 Nipperdey.
440 786 483 795 —
497 748 644 835 Draeger
658 751 737 816 olim
756 751 797 816 ad
812 751 920 816 laeum
934 750 1163 816 difficillimum
1177 748 1226 814 VI
1241 749 1293 833 31,

126 854 166 917 19
191 876 215 918 s.
240 855 469 940 explicandum
497 857 646 922 adhibuit
674 879 825 943 zeugma,
859 859 944 942 quod
971 859 1063 923 nullo
1091 859 1187 942 paeto
1214 855 1293 920 ferri
1336 849 1338 855 ’

122 962 247 1045 potest3
279 960 385 1025 voluit
408 961 495 1027 euim
525 960 560 1026 in
583 963 690 1028 verbis
721 965 844 1028 nomine
868 968 989 1028 tanturm
1017 968 1046 1027 et
1067 967 1188 1027 auetme
1210 983 1292 1045 apua,

123 1071 160 1130 nt
179 1071 285 1150 sponte
308 1066 463 1154 Caesaris,
485 1073 520 1132 ut
539 1089 636 1151 penus
653 1069 784 1136 Arsaols
805 1072 909 1152 ripam
931 1071 1017 1154 apud
1037 1069 1212 1152 Euphratis
1233 1089 1293 1133 eer-

122 1177 247 1237 neretur
260 1179 337 1258 post
350 1195 462 1240 vocem
482 1172 661 1240 Caesaris
681 1176 826 1262 suppleri
845 1177 992 1242 electus
1012 1176 1067 1240 vel
1082 1175 1291 1240 institutus

124 1301 163 1344 ex
186 1280 285 1345 verbo
313 1279 406 1344 finita
436 1285 672 1367 cerneretur3
701 1283 756 1347 sed
785 1283 824 1348 de
852 1283 1013 1348 eiusmodi
1039 1280 1230 1347 commentis
1254 1302 1292 1346 eo

123 1386 232 1452 minus
256 1387 356 1452 verba
377 1387 448 1452 fieri
471 1391 636 1473 opportet,
660 1388 745 1473 quod
768 1389 839 1474 ipse
862 1387 1009 1474 Draeger
1031 1411 1070 1454 ea
1091 1410 1177 1452 nune
1199 1409 1292 1472 prae·

123 1492 280 1558 termisit:
304 1492 343 1558 ef.
366 1497 497 1579 praeter
520 1494 679 1560 ediliones
703 1487 845 1561 Pfituner
867 1497 887 1560 l.
909 1497 929 1560 l.
952 1518 983 1580 p.
1000 1496 1077 1580 173,
1099 1493 1218 1559 Muller
1236 1494 1257 1558 l.
1271 1493 1293 1560 l.

123 1599 174 1664 III
198 1624 228 1685 p.
241 1600 283 1665 57
304 1622 370 1685 seq.
393 1635 436 1647 -
459 1600 690 1667 inaestuat
711 1608 820 1668 ueteres
838 1602 1007 1667 Persarum
1029 1624 1066 1667 ae
1087 1601 1293 1665 Macedonum

124 1707 270 1772 termims
282 1727 370 1789 seque
383 1709 565 1773 inuasurum
571 1729 714 1791 possessa
730 1711 873 1792 primum
887 1707 966 1792 (ipro
984 1713 1013 1773 et
1027 1712 1101 1792 post
1112 1707 1293 1772 Alexandro

117 1834 176 1896 per
207 1814 468 1896 vaniloquentiam
499 1836 536 1880 aa
562 1818 665 1881 minas
691 1816 832 1881 iaciebat:
867 1814 956 1880 Baeh
985 1815 1026 1880 ad
1054 1813 1150 1879 Aul
1177 1815 1227 1879 17.
1249 1849 1294 1861 -

124 1920 206 2004 41,8
222 1941 247 1986 s.
265 1941 421 2005 erumpere
433 1943 525 1988 ausos
541 1924 624 2004 ferro
644 1919 847 2010 (domuit),
865 1927 974 1988 eeteros
992 1922 1045 1987 siti
1058 1923 1101 1986 ad
1112 1921 1293 1986 deditionem

124 2027 232 2110 eoepit:
259 2026 454 2094 Doederlein
477 2029 569 2095 vol.I
588 2053 617 2114 p.
633 2029 697 2095 288
718 2034 751 2094 et
768 2029 802 2094 Π
819 2030 914 2113 proll.
933 2053 963 2114 p.
978 2028 1028 2093 51.
1053 2064 1095 2074 -
1118 2027 1165 2092 XI
1184 2028 1215 2112 9,
1234 2028 1293 2091 2⁵.

124 2135 156 2197 ai
173 2134 282 2200 militis
295 2134 433 2200 Romam
452 2132 696 2223 (congressa)
715 2138 759 2201 ad
774 2137 961 2201 eneindenda
973 2136 1167 2200 castellorum
1184 2134 1294 2218 ardna,

125 2241 219 2320 simul
248 2241 365 2308 Hedera
399 2245 531 2308 ennato
559 2264 682 2328 compos
709 2244 914 2327 persultante:
949 2241 1098 2326 Ernesti,
1125 2239 1294 2324 Kiessling

126 2343 218 2433 (ed),
236 2352 271 2412 at
285 2347 325 2414 ef.
338 2348 498 2414 Walther.
513 2387 554 2396 -
570 2351 622 2432 21,
643 2349 752 2434 lille:
775 2350 934 2416 musulare
950 2350 1127 2434 imperuim,
1145 2346 1295 2429 triumphi
1348 2363 1350 2368 ·

1 2533 2 2548 ,
125 2454 263 2536 insipnia
287 2451 507 2542 (assecutus
531 2455 608 2542 est)
632 2478 668 2522 ao
684 2462 838 2540 postremo
860 2457 1006 2537 Africam
1028 2455 1172 2521 obtinuit:
1194 2452 1294 2520 Baeh.

1 2592 2 2640 p
127 2596 168 2606 —
192 2560 376 2646 28,12]13;
407 2563 515 2627 sedin
541 2583 574 2628 eo
603 2564 768 2629 diserimen
796 2564 887 2642 uerti,
916 2565 944 2629 si
972 2562 1104 2643 defmsio
1133 2560 1296 2625 audiretur

126 2665 399 2756 (dareturque)
412 2674 447 2734 ut
458 2670 580 2735 elausoe
598 2690 689 2735 aures
703 2671 796 2735 etiam
809 2671 962 2752 confitenti
974 2670 1089 2750 forent:
1113 2666 1152 2733 of.
1165 2665 1294 2752 Miller,

125 2773 288 2840 Beitr.IIl
313 2799 344 2862 p.
362 2775 422 2860 45;
449 2775 645 2862 Nipperdey.
668 2814 712 2824 -
734 2777 798 2843 XII
821 2778 871 2863 16,
893 2777 910 2841 7
931 2798 955 2842 s.
978 2777 1042 2841 nisi
1066 2775 1150 2860 qnod
1174 2769 1295 2838 moenia

1 2875 2 2890 ¹
125 2902 188 2946 non
208 2903 286 2948 sono
308 2883 361 2947 sed
382 2884 516 2949 matidies
538 2889 567 2948 et
587 2884 730 2950 nimmtis
754 2880 917 2970 (valida)
945 2903 982 2947 ae
1003 2883 1104 2947 media
1126 2882 1217 2946 numo
1239 2881 1293 2945 aal-

125 3009 246 3054 sermm
275 2990 483 3072 inrumpentes
512 2991 653 3055 inualido
682 2996 782 3058 erant:
819 2990 958 3075 Ruperti
992 2985 1043 3075 (ef.
1069 2989 1168 3053 etiam
1196 3008 1294 3071 supra

125 3120 155 3181 p.
173 3096 236 3161 146
260 3095 301 3160 ad
324 3096 431 3161 laeum
449 3096 521 3163 Η.Ι
542 3098 571 3183 8,
585 3095 635 3184 2),
663 3102 698 3163 at
721 3097 760 3162 ef.
778 3096 976 3184 Nipperdey.
1000 3132 1042 3142 —
1068 3097 1119 3179 ll,
1138 3093 1202 3174 6l8:
1225 3114 1294 3158 enm

126 3223 229 3288 arma,
252 3203 457 3289 munimenta,
479 3205 618 3287 impediti
640 3206 685 3270 oel
707 3206 871 3270 eminentes
894 3205 951 3269 loei
972 3223 1134 3287 amnesque
1156 3207 1185 3267 et
1205 3203 1295 3266 urbes

125 3311 216 3374 inula
239 3315 527 3394 prorumperentur:
558 3308 646 3397 (siai)
676 3310 906 3377 DoederleinI
930 3335 960 3396 p.
975 3311 1054 3396 3423
1077 3346 1120 3357 -
1144 3310 1202 3392 28,
1228 3305 1294 3392 uls:

119 3417 242 3500 praeda
271 3417 418 3500 famaque
444 3419 563 3482 onusti:
600 3417 747 3503 Draeger
775 3419 854 3483 olim
881 3437 1017 3503 zeugma
1043 3417 1096 3482 his
1123 3416 1157 3479 in
1187 3414 1294 3479 verbis

125 3523 232 3589 inesse
251 3522 375 3588 docuit:
397 3527 433 3589 at
452 3524 491 3589 ef.
510 3547 610 3610 supra
632 3549 662 3610 p.
682 3525 758 3610 137;
779 3562 819 3572 —
838 3523 920 3589 XIII
939 3524 991 3609 39,
1008 3525 1046 3588 17
1063 3546 1087 3588 s.
1107 3519 1295 3587 libritoribus

123 3629 392 3713 fmrditorilusque
414 3632 581 3698 attrrlrutus
604 3632 699 3718 loom,
722 3633 802 3697 unde
824 3632 944 3696 eminus
963 3631 1090 3713 planetes
1108 3630 1293 3710 torquerent:

125 3737 251 3823 Ritter,
274 3737 322 3802 ed.
344 3737 428 3803 1848
451 3737 516 3803 vol.
534 3738 568 3803 II
586 3761 617 3821 p.
635 3737 706 3803 150.
731 3775 772 3784 -
796 3739 888 3824 41,8
906 3760 929 3802 s.
952 3737 1121 3802 Artoeatis
1142 3735 1224 3817 mnis
1247 3734 1294 3798 in-

125 3845 239 3910 missus
257 3844 409 3926 deletaque
426 3845 530 3909 etsolo
548 3849 680 3927 aequato
693 3851 778 3931 sunt,
796 3846 871 3928 quia
888 3865 941 3909 nee
960 3843 1054 3909 tenen
1073 3836 1293 3931 (poterant)

125 3951 191 4016 sine
219 3951 322 4016 aalide
348 3951 506 4032 praesidio
537 3952 572 4015 ot
601 3953 844 4035 mapnitndinem
865 3952 1036 4035 moenium,
1066 3969 1119 4014 nee
1147 3950 1183 4014 id
1209 3937 1295 4013 nobis'

126 4058 241 4122 uirium
262 4061 341 4142 erat,
363 4059 445 4140 quod
459 4056 615 4137 firmando
631 4061 790 4142 praesidio
812 4064 841 4124 et
861 4044 1039 4143 capessendo
1057 4057 1130 4122 bello
1148 4056 1295 4121 diuidere

127 4170 196 4230 tur:
219 4164 268 4229 sie
276 4163 398 4243 Haase,
422 4162 549 4230 Vorles.
565 4164 804 4232 edlleksteinl
815 4190 845 4251 p.
860 4166 939 4252 2053
957 4162 1145 4251 Nipperdey
1164 4161 1295 4247 scripsit

125 4276 296 4356 teneres,
319 4269 405 4356 quod
428 4270 576 4336 laudavit
597 4271 742 4356 Urlichs,
764 4271 794 4338 J.
808 4272 919 4337 Jahrb.
938 4271 1024 4337 1854
1042 4295 1072 4356 p.
1086 4271 1152 4335 302
1171 4291 1238 4353 seq.
1261 4272 1294 4334 et

126 4377 327 4463 vituperavit
346 4374 380 4443 O.
399 4377 519 4464 Reuss,
542 4378 581 4444 de
604 4377 867 4452 aoniunetionum
889 4377 1069 4444 causalium
1092 4376 1177 4462 apud
1201 4375 1291 4441 Taui-

127 4488 197 4550 tum
222 4507 297 4570 usu;
320 4483 359 4550 ef.
377 4483 491 4571 Halm,
515 4485 697 4572 Andresen,
721 4485 777 4569 qui
804 4487 989 4571 poterunt
1011 4486 1087 4570 post
1113 4483 1239 4549 teneri
1261 4483 1294 4548 in
