<?xml version="1.0" encoding="UTF-8"?>
<!DOCTYPE html PUBLIC "-//W3C//DTD XHTML 1.0 Transitional//EN"
    "http://www.w3.org/TR/xhtml1/DTD/xhtml1-transitional.dtd">
<html xmlns="http://www.w3.org/1999/xhtml" xml:lang="en" lang="en">
 <head>
  <title>
</title>
<meta http-equiv="Content-Type" content="text/html;charset=utf-8" />
  <meta name='ocr-system' content='tesseract 3.04.00' />
  <meta name='ocr-capabilities' content='ocr_page ocr_carea ocr_par ocr_line ocrx_word'/>
</head>
<body>
  <div class='ocr_page' id='page_1' title='image "./debreviloquenti01clemgoog_0052.png"; bbox 0 0 3152 5222; ppageno 0'>
   <div class='ocr_carea' id='block_1_1' title="bbox 259 1084 1053 1305">
    <p class='ocr_par' dir='ltr' id='par_1_1' title="bbox 259 1084 1053 1305">
     <span class='ocr_line' id='line_1_1' title="bbox 616 1084 690 1164; baseline -0.014 -17"><span class='ocrx_word' id='word_1_1' title='bbox 616 1087 636 1164; x_wconf 64' lang='grc' dir='ltr'>ξ</span> <span class='ocrx_word' id='word_1_2' title='bbox 663 1084 690 1147; x_wconf 90' lang='lat'>1.</span> 
     </span>
     <span class='ocr_line' id='line_1_2' title="bbox 259 1222 1053 1305; baseline 0.001 -18"><span class='ocrx_word' id='word_1_3' title='bbox 259 1222 412 1290; x_wconf 87' lang='lat' dir='ltr'>Verbum</span> <span class='ocrx_word' id='word_1_4' title='bbox 435 1223 623 1290; x_wconf 85' lang='lat' dir='ltr'>omittitur</span> <span class='ocrx_word' id='word_1_5' title='bbox 646 1224 732 1305; x_wconf 82' lang='lat' dir='ltr'>quia</span> <span class='ocrx_word' id='word_1_6' title='bbox 755 1223 846 1290; x_wconf 82' lang='lat' dir='ltr'>satis</span> <span class='ocrx_word' id='word_1_7' title='bbox 870 1222 1053 1289; x_wconf 85' lang='lat' dir='ltr'>indicetur</span> 
     </span>
    </p>
   </div>
   <div class='ocr_carea' id='block_1_2' title="bbox 96 1347 1301 1542">
    <p class='ocr_par' dir='ltr' id='par_1_2' title="bbox 23 1343 1301 1542">
     <span class='ocr_line' id='line_1_3' title="bbox 96 1347 1301 1444; baseline 0.003 -33.772"><span class='ocrx_word' id='word_1_8' title='bbox 96 1349 115 1410; x_wconf 90' lang='lat' dir='ltr'>l.</span> <span class='ocrx_word' id='word_1_9' title='bbox 138 1347 326 1434; x_wconf 83' lang='lat' dir='ltr'>adverbio,</span> <span class='ocrx_word' id='word_1_10' title='bbox 350 1350 450 1433; x_wconf 92' lang='lat' dir='ltr'>quod</span> <span class='ocrx_word' id='word_1_11' title='bbox 472 1349 600 1415; x_wconf 92' lang='lat' dir='ltr'>solum</span> <span class='ocrx_word' id='word_1_12' title='bbox 624 1349 852 1414; x_wconf 90' lang='lat' dir='ltr'>adverbum</span> <span class='ocrx_word' id='word_1_13' title='bbox 876 1352 1020 1414; x_wconf 90' lang='lat' dir='ltr'>certam</span> <span class='ocrx_word' id='word_1_14' title='bbox 1040 1349 1236 1414; x_wconf 74' lang='lat' dir='ltr'>actionem</span> <span class='ocrx_word' id='word_1_15' title='bbox 1295 1433 1301 1444; x_wconf 19' lang='grc' dir='ltr'>ἰ</span> 
     </span>
     <span class='ocr_line' id='line_1_4' title="bbox 421 1456 881 1542; baseline 0.004 -22"><span class='ocrx_word' id='word_1_16' title='bbox 421 1456 599 1522; x_wconf 86' lang='lat' dir='ltr'>indicans</span> <span class='ocrx_word' id='word_1_17' title='bbox 622 1456 714 1542; x_wconf 92' lang='lat' dir='ltr'>poni</span> <span class='ocrx_word' id='word_1_18' title='bbox 737 1459 881 1541; x_wconf 90' lang='lat' dir='ltr'>potest.</span> 
     </span>
    </p>
   </div>
   <div class='ocr_carea' id='block_1_3' title="bbox 23 1597 1240 2966">
    <p class='ocr_par' dir='ltr' id='par_1_3' title="bbox 90 1597 1238 1899">
     <span class='ocr_line' id='line_1_5' title="bbox 166 1597 1238 1684; baseline 0.003 -23"><span class='ocrx_word' id='word_1_19' title='bbox 166 1597 264 1662; x_wconf 83' lang='lat' dir='ltr'><strong>Germ.</strong></span> <span class='ocrx_word' id='word_1_20' title='bbox 281 1598 330 1684; x_wconf 88' lang='lat'>19,</span> <span class='ocrx_word' id='word_1_21' title='bbox 344 1599 432 1684; x_wconf 76' lang='lat' dir='ltr'>ssu:</span> <span class='ocrx_word' id='word_1_22' title='bbox 455 1599 566 1664; x_wconf 76' lang='lat' dir='ltr'>matius</span> <span class='ocrx_word' id='word_1_23' title='bbox 580 1599 702 1678; x_wconf 65' lang='lat' dir='ltr'>urcium</span> <span class='ocrx_word' id='word_1_24' title='bbox 716 1598 816 1664; x_wconf 83' lang='lat' dir='ltr'>adbuc</span> <span class='ocrx_word' id='word_1_25' title='bbox 829 1619 882 1664; x_wconf 84' lang='lat' dir='ltr'>cac</span> <span class='ocrx_word' id='word_1_26' title='bbox 901 1598 1048 1684; x_wconf 82' lang='lat' dir='ltr'>ciuitates,</span> <span class='ocrx_word' id='word_1_27' title='bbox 1071 1602 1106 1664; x_wconf 81' lang='lat' dir='ltr'>in</span> <span class='ocrx_word' id='word_1_28' title='bbox 1127 1599 1238 1681; x_wconf 76' lang='lat' dir='ltr'>quibas</span> 
     </span>
     <span class='ocr_line' id='line_1_6' title="bbox 92 1706 1237 1789; baseline 0.002 -21"><span class='ocrx_word' id='word_1_29' title='bbox 92 1708 195 1768; x_wconf 70' lang='lat' dir='ltr'>accim</span> <span class='ocrx_word' id='word_1_30' title='bbox 214 1707 343 1788; x_wconf 80' lang='lat' dir='ltr'>cirpines</span> <span class='ocrx_word' id='word_1_31' title='bbox 365 1707 487 1771; x_wconf 75' lang='lat' dir='ltr'>nubant</span> <span class='ocrx_word' id='word_1_32' title='bbox 507 1710 536 1771; x_wconf 87' lang='lat' dir='ltr'>ct</span> <span class='ocrx_word' id='word_1_33' title='bbox 557 1724 627 1770; x_wconf 81' lang='lat' dir='ltr'>cum</span> <span class='ocrx_word' id='word_1_34' title='bbox 655 1726 707 1789; x_wconf 83' lang='lat' dir='ltr'>spe</span> <span class='ocrx_word' id='word_1_35' title='bbox 728 1711 854 1788; x_wconf 71' lang='lat' dir='ltr'>comque</span> <span class='ocrx_word' id='word_1_36' title='bbox 882 1706 992 1771; x_wconf 75' lang='lat' dir='ltr'>cruoris</span> <span class='ocrx_word' id='word_1_37' title='bbox 1015 1706 1106 1772; x_wconf 82' lang='lat' dir='ltr'>semel</span> <span class='ocrx_word' id='word_1_38' title='bbox 1135 1710 1237 1770; x_wconf 81' lang='lat' dir='ltr'>trous-</span> 
     </span>
     <span class='ocr_line' id='line_1_7' title="bbox 90 1809 1238 1899; baseline 0.003 -25"><span class='ocrx_word' id='word_1_39' title='bbox 90 1809 186 1892; x_wconf 65' lang='lat' dir='ltr'>attur:</span> <span class='ocrx_word' id='word_1_40' title='bbox 216 1833 274 1876; x_wconf 92' lang='lat' dir='ltr'>om.</span> <span class='ocrx_word' id='word_1_41' title='bbox 303 1816 436 1899; x_wconf 83' lang='lat' dir='ltr'>agunt.</span> <span class='ocrx_word' id='word_1_42' title='bbox 463 1849 507 1859; x_wconf 89' lang='lat'>—</span> <span class='ocrx_word' id='word_1_43' title='bbox 530 1811 614 1877; x_wconf 85' lang='lat' dir='ltr'>Ann.</span> <span class='ocrx_word' id='word_1_44' title='bbox 632 1813 721 1898; x_wconf 84' lang='lat'>143,</span> <span class='ocrx_word' id='word_1_45' title='bbox 751 1813 772 1877; x_wconf 87' lang='lat'><strong>3</strong></span> <span class='ocrx_word' id='word_1_46' title='bbox 795 1812 905 1878; x_wconf 82' lang='lat' dir='ltr'>melius</span> <span class='ocrx_word' id='word_1_47' title='bbox 934 1818 963 1877; x_wconf 88' lang='lat' dir='ltr'>et</span> <span class='ocrx_word' id='word_1_48' title='bbox 994 1815 1155 1878; x_wconf 80' lang='lat' dir='ltr'>amantius</span> <span class='ocrx_word' id='word_1_49' title='bbox 1178 1813 1238 1899; x_wconf 87' lang='lat' dir='ltr'>ille,</span> 
     </span>
    </p>

    <p class='ocr_par' dir='ltr' id='par_1_4' title="bbox 23 1918 1238 2217">
     <span class='ocr_line' id='line_1_8' title="bbox 23 1918 1238 2012; baseline 0.002 -32"><span class='ocrx_word' id='word_1_50' title='bbox 23 1993 24 2012; x_wconf 13' lang='grc' dir='ltr'><strong>Χ</strong></span> <span class='ocrx_word' id='word_1_51' title='bbox 90 1920 132 1997; x_wconf 80' lang='lat' dir='ltr'>qui</span> <span class='ocrx_word' id='word_1_52' title='bbox 157 1919 291 2001; x_wconf 78' lang='lat' dir='ltr'>piudium</span> <span class='ocrx_word' id='word_1_53' title='bbox 320 1918 795 2006; x_wconf 70' lang='lat' dir='ltr'>offaebot.-1V38,18s19</span> <span class='ocrx_word' id='word_1_54' title='bbox 827 1919 937 1984; x_wconf 82' lang='lat' dir='ltr'>metius</span> <span class='ocrx_word' id='word_1_55' title='bbox 958 1919 1153 2005; x_wconf 81' lang='lat' dir='ltr'>Acpustnm,</span> <span class='ocrx_word' id='word_1_56' title='bbox 1183 1920 1238 1999; x_wconf 69' lang='lat' dir='ltr'>bui</span> 
     </span>
     <span class='ocr_line' id='line_1_9' title="bbox 23 2015 1238 2111; baseline 0.003 -25"><span class='ocrx_word' id='word_1_57' title='bbox 23 2015 24 2050; x_wconf 62' lang='lat'><em>³</em></span> <span class='ocrx_word' id='word_1_58' title='bbox 89 2025 240 2104; x_wconf 68' lang='lat' dir='ltr'>maeonii.</span> <span class='ocrx_word' id='word_1_59' title='bbox 275 2025 386 2091; x_wconf 91' lang='lat' dir='ltr'>Dictio</span> <span class='ocrx_word' id='word_1_60' title='bbox 400 2026 686 2111; x_wconf 88' lang='lat' dir='ltr'>praepositionalis</span> <span class='ocrx_word' id='word_1_61' title='bbox 709 2027 831 2092; x_wconf 91' lang='lat' dir='ltr'>accedit</span> <span class='ocrx_word' id='word_1_62' title='bbox 854 2025 894 2090; x_wconf 89' lang='lat' dir='ltr'>ad</span> <span class='ocrx_word' id='word_1_63' title='bbox 910 2026 1112 2092; x_wconf 82' lang='lat' dir='ltr'>adverbium:</span> <span class='ocrx_word' id='word_1_64' title='bbox 1136 2025 1176 2091; x_wconf 92' lang='lat' dir='ltr'>H.</span> <span class='ocrx_word' id='word_1_65' title='bbox 1190 2025 1238 2092; x_wconf 89' lang='lat' dir='ltr'>IV</span> 
     </span>
     <span class='ocr_line' id='line_1_10' title="bbox 89 2129 1089 2217; baseline 0.007 -25"><span class='ocrx_word' id='word_1_66' title='bbox 89 2129 130 2215; x_wconf 78' lang='lat'>32,</span> <span class='ocrx_word' id='word_1_67' title='bbox 150 2133 239 2197; x_wconf 79' lang='grc'>7-8</span> <span class='ocrx_word' id='word_1_68' title='bbox 263 2134 308 2198; x_wconf 86' lang='lat' dir='ltr'>ud</span> <span class='ocrx_word' id='word_1_69' title='bbox 327 2153 365 2198; x_wconf 83' lang='lat' dir='ltr'>ea</span> <span class='ocrx_word' id='word_1_70' title='bbox 390 2131 499 2200; x_wconf 80' lang='lat' dir='ltr'>Ciuilis</span> <span class='ocrx_word' id='word_1_71' title='bbox 514 2132 622 2217; x_wconf 80' lang='lat' dir='ltr'>primo</span> <span class='ocrx_word' id='word_1_72' title='bbox 644 2132 762 2199; x_wconf 79' lang='lat' dir='ltr'>callida</span> <span class='ocrx_word' id='word_1_73' title='bbox 786 2169 828 2180; x_wconf 95' lang='lat'>—</span> <span class='ocrx_word' id='word_1_74' title='bbox 852 2133 944 2198; x_wconf 84' lang='lat' dir='ltr'>Loci</span> <span class='ocrx_word' id='word_1_75' title='bbox 968 2133 1089 2199; x_wconf 91' lang='lat' dir='ltr'>dubii:</span> 
     </span>
    </p>

    <p class='ocr_par' dir='ltr' id='par_1_5' title="bbox 161 2237 1239 2325">
     <span class='ocr_line' id='line_1_11' title="bbox 161 2237 1239 2325; baseline 0.002 -22"><span class='ocrx_word' id='word_1_76' title='bbox 161 2237 218 2304; x_wconf 81' lang='lat' dir='ltr'>An.</span> <span class='ocrx_word' id='word_1_77' title='bbox 231 2237 310 2304; x_wconf 90' lang='lat' dir='ltr'>XIV</span> <span class='ocrx_word' id='word_1_78' title='bbox 328 2241 357 2325; x_wconf 78' lang='lat'>7,</span> <span class='ocrx_word' id='word_1_79' title='bbox 375 2242 429 2306; x_wconf 91' lang='lat'>11:</span> <span class='ocrx_word' id='word_1_80' title='bbox 453 2241 534 2306; x_wconf 82' lang='lat' dir='ltr'>cod:</span> <span class='ocrx_word' id='word_1_81' title='bbox 558 2240 635 2306; x_wconf 87' lang='lat' dir='ltr'>Post</span> <span class='ocrx_word' id='word_1_82' title='bbox 651 2239 766 2306; x_wconf 79' lang='lat' dir='ltr'><strong><em>Seneca</em></strong></span> <span class='ocrx_word' id='word_1_83' title='bbox 788 2239 934 2306; x_wconf 65' lang='lat' dir='ltr'>coimus</span> <span class='ocrx_word' id='word_1_84' title='bbox 948 2242 1124 2323; x_wconf 76' lang='lat' dir='ltr'><strong><em>promptius</em></strong></span> <span class='ocrx_word' id='word_1_85' title='bbox 1146 2242 1239 2323; x_wconf 84' lang='lat' dir='ltr'>respi-</span> 
     </span>
    </p>

    <p class='ocr_par' dir='ltr' id='par_1_6' title="bbox 23 2343 1240 2966">
     <span class='ocr_line' id='line_1_12' title="bbox 88 2343 1240 2433; baseline 0.003 -27"><span class='ocrx_word' id='word_1_86' title='bbox 88 2349 149 2407; x_wconf 78' lang='lat' dir='ltr'>ceret</span> <span class='ocrx_word' id='word_1_87' title='bbox 168 2345 310 2418; x_wconf 73' lang='lat' dir='ltr'>Burrum</span> <span class='ocrx_word' id='word_1_88' title='bbox 341 2351 374 2412; x_wconf 90' lang='lat' dir='ltr'>et</span> <span class='ocrx_word' id='word_1_89' title='bbox 401 2370 430 2433; x_wconf 89' lang='lat' dir='ltr'>q.</span> <span class='ocrx_word' id='word_1_90' title='bbox 449 2369 474 2412; x_wconf 90' lang='lat' dir='ltr'>s.</span> <span class='ocrx_word' id='word_1_91' title='bbox 494 2343 613 2412; x_wconf 91' lang='lat' dir='ltr'>Mutila</span> <span class='ocrx_word' id='word_1_92' title='bbox 643 2351 732 2432; x_wconf 71' lang='lat' dir='ltr'>sunt,</span> <span class='ocrx_word' id='word_1_93' title='bbox 762 2346 925 2432; x_wconf 90' lang='lat' dir='ltr'>Heraeus,</span> <span class='ocrx_word' id='word_1_94' title='bbox 956 2367 1013 2412; x_wconf 78' lang='lat' dir='ltr'>eur</span> <span class='ocrx_word' id='word_1_95' title='bbox 1035 2346 1145 2410; x_wconf 83' lang='lat' dir='ltr'>Kritilr</span> <span class='ocrx_word' id='word_1_96' title='bbox 1173 2346 1240 2411; x_wconf 76' lang='lat' dir='ltr'>aad</span> 
     </span>
     <span class='ocr_line' id='line_1_13' title="bbox 23 2449 1239 2588; baseline 0.002 -75"><span class='ocrx_word' id='word_1_97' title='bbox 23 2457 25 2588; x_wconf 45' lang='lat' dir='ltr'><em>D</em></span> <span class='ocrx_word' id='word_1_98' title='bbox 88 2449 248 2536; x_wconf 78' lang='lat' dir='ltr'>Erldiiranp</span> <span class='ocrx_word' id='word_1_99' title='bbox 277 2453 330 2518; x_wconf 74' lang='lat' dir='ltr'>des</span> <span class='ocrx_word' id='word_1_100' title='bbox 361 2453 500 2532; x_wconf 73' lang='lat' dir='ltr'>Tacitis,</span> <span class='ocrx_word' id='word_1_101' title='bbox 530 2451 651 2518; x_wconf 87' lang='lat' dir='ltr'>Hamm</span> <span class='ocrx_word' id='word_1_102' title='bbox 684 2454 785 2540; x_wconf 83' lang='lat'>1859,</span> <span class='ocrx_word' id='word_1_103' title='bbox 820 2453 1099 2538; x_wconf 79' lang='lat' dir='ltr'>simplicissimam</span> <span class='ocrx_word' id='word_1_104' title='bbox 1132 2475 1239 2517; x_wconf 91' lang='lat' dir='ltr'>emen-</span> 
     </span>
     <span class='ocr_line' id='line_1_14' title="bbox 23 2537 1238 2674; baseline 0.005 -55"><span class='ocrx_word' id='word_1_105' title='bbox 23 2591 25 2674; x_wconf 74' lang='lat'>,</span> <span class='ocrx_word' id='word_1_106' title='bbox 89 2555 234 2624; x_wconf 84' lang='lat' dir='ltr'>dationem</span> <span class='ocrx_word' id='word_1_107' title='bbox 255 2560 494 2646; x_wconf 74' lang='lat' dir='ltr'>promptius,</span> <span class='ocrx_word' id='word_1_108' title='bbox 517 2565 561 2627; x_wconf 92' lang='lat' dir='ltr'>ut</span> <span class='ocrx_word' id='word_1_109' title='bbox 582 2561 791 2646; x_wconf 76' lang='lat' dir='ltr'>improbavit,</span> <span class='ocrx_word' id='word_1_110' title='bbox 814 2559 891 2647; x_wconf 89' lang='lat' dir='ltr'>quia</span> <span class='ocrx_word' id='word_1_111' title='bbox 908 2581 968 2625; x_wconf 90' lang='lat' dir='ltr'>nec</span> <span class='ocrx_word' id='word_1_112' title='bbox 987 2537 1163 2645; x_wconf 83' lang='lat' dir='ltr'>prompte</span> <span class='ocrx_word' id='word_1_113' title='bbox 1186 2561 1238 2625; x_wconf 81' lang='lat' dir='ltr'>vel</span> 
     </span>
     <span class='ocr_line' id='line_1_15' title="bbox 23 2666 1240 2754; baseline 0.004 -27"><span class='ocrx_word' id='word_1_114' title='bbox 23 2717 24 2720; x_wconf 59' lang='grc'>,</span> <span class='ocrx_word' id='word_1_115' title='bbox 87 2666 285 2752; x_wconf 80' lang='lat' dir='ltr'>promptius</span> <span class='ocrx_word' id='word_1_116' title='bbox 310 2668 396 2752; x_wconf 87' lang='lat' dir='ltr'>apud</span> <span class='ocrx_word' id='word_1_117' title='bbox 419 2667 568 2733; x_wconf 86' lang='lat' dir='ltr'>Tacitum</span> <span class='ocrx_word' id='word_1_118' title='bbox 592 2667 744 2754; x_wconf 89' lang='lat' dir='ltr'>elliptice,</span> <span class='ocrx_word' id='word_1_119' title='bbox 766 2668 787 2732; x_wconf 88' lang='lat' dir='ltr'>i.</span> <span class='ocrx_word' id='word_1_120' title='bbox 802 2691 827 2734; x_wconf 86' lang='lat' dir='ltr'>e.</span> <span class='ocrx_word' id='word_1_121' title='bbox 852 2667 972 2732; x_wconf 90' lang='lat' dir='ltr'>omisso</span> <span class='ocrx_word' id='word_1_122' title='bbox 1000 2667 1098 2732; x_wconf 84' lang='lat' dir='ltr'>verbo</span> <span class='ocrx_word' id='word_1_123' title='bbox 1122 2666 1240 2754; x_wconf 82' lang='lat' dir='ltr'>agendi</span> 
     </span>
     <span class='ocr_line' id='line_1_16' title="bbox 23 2723 1238 2856; baseline 0.003 -23"><span class='ocrx_word' id='word_1_124' title='bbox 23 2723 25 2822; x_wconf 86' lang='lat' dir='ltr'>l</span> <span class='ocrx_word' id='word_1_125' title='bbox 87 2777 260 2856; x_wconf 88' lang='lat' dir='ltr'>usurpatum</span> <span class='ocrx_word' id='word_1_126' title='bbox 289 2778 376 2839; x_wconf 90' lang='lat' dir='ltr'>esset</span> <span class='ocrx_word' id='word_1_127' title='bbox 406 2795 466 2839; x_wconf 88' lang='lat' dir='ltr'>nec</span> <span class='ocrx_word' id='word_1_128' title='bbox 496 2774 575 2839; x_wconf 88' lang='lat' dir='ltr'>talis</span> <span class='ocrx_word' id='word_1_129' title='bbox 608 2774 699 2839; x_wconf 87' lang='lat' dir='ltr'>verbi</span> <span class='ocrx_word' id='word_1_130' title='bbox 731 2773 865 2839; x_wconf 89' lang='lat' dir='ltr'>omissio</span> <span class='ocrx_word' id='word_1_131' title='bbox 898 2774 962 2839; x_wconf 90' lang='lat' dir='ltr'>nisi</span> <span class='ocrx_word' id='word_1_132' title='bbox 994 2773 1028 2838; x_wconf 90' lang='lat' dir='ltr'>in</span> <span class='ocrx_word' id='word_1_133' title='bbox 1061 2774 1238 2839; x_wconf 87' lang='lat' dir='ltr'>enuntiatis</span> 
     </span>
     <span class='ocr_line' id='line_1_17' title="bbox 23 2843 1240 2966; baseline 0.005 -28"><span class='ocrx_word' id='word_1_134' title='bbox 23 2843 25 2910; x_wconf 77' lang='lat' dir='ltr'>l</span> <span class='ocrx_word' id='word_1_135' title='bbox 86 2874 268 2944; x_wconf 78' lang='lat' dir='ltr'>brevissimis</span> <span class='ocrx_word' id='word_1_136' title='bbox 282 2881 353 2946; x_wconf 86' lang='lat' dir='ltr'>fieri</span> <span class='ocrx_word' id='word_1_137' title='bbox 367 2880 542 2966; x_wconf 81' lang='lat' dir='ltr'>potuisset3</span> <span class='ocrx_word' id='word_1_138' title='bbox 561 2883 730 2966; x_wconf 80' lang='lat' dir='ltr'>praeterea</span> <span class='ocrx_word' id='word_1_139' title='bbox 748 2903 880 2946; x_wconf 90' lang='lat' dir='ltr'>sensum</span> <span class='ocrx_word' id='word_1_140' title='bbox 893 2880 1067 2945; x_wconf 83' lang='lat' dir='ltr'>verborum</span> <span class='ocrx_word' id='word_1_141' title='bbox 1086 2902 1240 2965; x_wconf 92' lang='lat' dir='ltr'>promp-</span> 
     </span>
    </p>
   </div>
   <div class='ocr_carea' id='block_1_4' title="bbox 23 2969 1240 3074">
    <p class='ocr_par' dir='ltr' id='par_1_7' title="bbox 23 2969 1240 3074">
     <span class='ocr_line' id='line_1_18' title="bbox 23 2969 1240 3074; baseline 0.006 -29"><span class='ocrx_word' id='word_1_142' title='bbox 23 2969 25 3018; x_wconf 81' lang='lat' dir='ltr'>l</span> <span class='ocrx_word' id='word_1_143' title='bbox 86 2983 151 3048; x_wconf 89' lang='lat' dir='ltr'>tius</span> <span class='ocrx_word' id='word_1_144' title='bbox 173 3007 217 3052; x_wconf 89' lang='lat' dir='ltr'>sc.</span> <span class='ocrx_word' id='word_1_145' title='bbox 241 2987 323 3072; x_wconf 82' lang='lat' dir='ltr'>egit</span> <span class='ocrx_word' id='word_1_146' title='bbox 345 3009 410 3052; x_wconf 91' lang='lat' dir='ltr'>non</span> <span class='ocrx_word' id='word_1_147' title='bbox 432 3009 567 3072; x_wconf 90' lang='lat' dir='ltr'>prorsus</span> <span class='ocrx_word' id='word_1_148' title='bbox 591 2987 766 3074; x_wconf 79' lang='lat' dir='ltr'>quadrare3</span> <span class='ocrx_word' id='word_1_149' title='bbox 793 2987 904 3072; x_wconf 88' lang='lat' dir='ltr'>itaque</span> <span class='ocrx_word' id='word_1_150' title='bbox 935 2986 1140 3052; x_wconf 91' lang='lat' dir='ltr'>scribendum</span> <span class='ocrx_word' id='word_1_151' title='bbox 1169 3009 1240 3052; x_wconf 88' lang='lat' dir='ltr'>esse</span> 
     </span>
    </p>
   </div>
   <div class='ocr_carea' id='block_1_5' title="bbox 23 3085 1359 4571">
    <p class='ocr_par' dir='ltr' id='par_1_8' title="bbox 23 3085 1241 3820">
     <span class='ocr_line' id='line_1_19' title="bbox 23 3085 1241 3180; baseline -0.002 -18"><span class='ocrx_word' id='word_1_152' title='bbox 23 3085 24 3162; x_wconf 81' lang='lat' dir='ltr'>l</span> <span class='ocrx_word' id='word_1_153' title='bbox 85 3094 275 3179; x_wconf 84' lang='lat' dir='ltr'>prompsit,</span> <span class='ocrx_word' id='word_1_154' title='bbox 297 3097 358 3164; x_wconf 63' lang='lat' dir='ltr'>ut„</span> <span class='ocrx_word' id='word_1_155' title='bbox 393 3094 453 3160; x_wconf 81' lang='lat' dir='ltr'>Ed.</span> <span class='ocrx_word' id='word_1_156' title='bbox 477 3094 641 3180; x_wconf 79' lang='lat' dir='ltr'>Wblfflin,</span> <span class='ocrx_word' id='word_1_157' title='bbox 665 3094 748 3160; x_wconf 90' lang='lat' dir='ltr'>Phil.</span> <span class='ocrx_word' id='word_1_158' title='bbox 768 3095 808 3158; x_wconf 78' lang='lat'>27</span> <span class='ocrx_word' id='word_1_159' title='bbox 827 3118 857 3179; x_wconf 94' lang='lat' dir='ltr'>p.</span> <span class='ocrx_word' id='word_1_160' title='bbox 875 3095 937 3159; x_wconf 84' lang='lat'>114</span> <span class='ocrx_word' id='word_1_161' title='bbox 952 3095 1134 3179; x_wconf 85' lang='lat' dir='ltr'>palmarem</span> <span class='ocrx_word' id='word_1_162' title='bbox 1157 3093 1241 3180; x_wconf 82' lang='lat' dir='ltr'>hanc</span> 
     </span>
     <span class='ocr_line' id='line_1_20' title="bbox 23 3199 1240 3290; baseline 0.003 -30"><span class='ocrx_word' id='word_1_163' title='bbox 23 3237 24 3290; x_wconf 52' lang='lat'>,</span> <span class='ocrx_word' id='word_1_164' title='bbox 85 3199 286 3266; x_wconf 88' lang='lat' dir='ltr'>coniecturam</span> <span class='ocrx_word' id='word_1_165' title='bbox 301 3201 438 3266; x_wconf 84' lang='lat' dir='ltr'>vocavit.</span> <span class='ocrx_word' id='word_1_166' title='bbox 475 3199 539 3266; x_wconf 84' lang='lat' dir='ltr'>Sed</span> <span class='ocrx_word' id='word_1_167' title='bbox 553 3204 586 3266; x_wconf 91' lang='lat' dir='ltr'>et</span> <span class='ocrx_word' id='word_1_168' title='bbox 603 3201 824 3286; x_wconf 87' lang='lat' dir='ltr'>promptius</span> <span class='ocrx_word' id='word_1_169' title='bbox 844 3200 1046 3287; x_wconf 82' lang='lat' dir='ltr'>adverbium,</span> <span class='ocrx_word' id='word_1_170' title='bbox 1066 3199 1129 3266; x_wconf 88' lang='lat' dir='ltr'>etsi</span> <span class='ocrx_word' id='word_1_171' title='bbox 1149 3201 1240 3285; x_wconf 91' lang='lat' dir='ltr'>ellip-</span> 
     </span>
     <span class='ocr_line' id='line_1_21' title="bbox 23 3303 1240 3392; baseline 0.006 -27"><span class='ocrx_word' id='word_1_172' title='bbox 23 3303 25 3384; x_wconf 47' lang='grc' dir='ltr'><strong><em>ᾖ</em></strong></span> <span class='ocrx_word' id='word_1_173' title='bbox 84 3303 177 3371; x_wconf 87' lang='lat' dir='ltr'>licea</span> <span class='ocrx_word' id='word_1_174' title='bbox 200 3306 314 3372; x_wconf 84' lang='lat' dir='ltr'>Tacito</span> <span class='ocrx_word' id='word_1_175' title='bbox 344 3308 527 3374; x_wconf 88' lang='lat' dir='ltr'>adhibitum</span> <span class='ocrx_word' id='word_1_176' title='bbox 557 3311 697 3373; x_wconf 89' lang='lat' dir='ltr'>nonest</span> <span class='ocrx_word' id='word_1_177' title='bbox 725 3345 766 3354; x_wconf 96' lang='lat'>--</span> <span class='ocrx_word' id='word_1_178' title='bbox 793 3307 880 3392; x_wconf 87' lang='lat' dir='ltr'>quod</span> <span class='ocrx_word' id='word_1_179' title='bbox 911 3330 987 3374; x_wconf 88' lang='lat' dir='ltr'>casu</span> <span class='ocrx_word' id='word_1_180' title='bbox 1016 3308 1141 3374; x_wconf 88' lang='lat' dir='ltr'>factum</span> <span class='ocrx_word' id='word_1_181' title='bbox 1170 3329 1240 3372; x_wconf 89' lang='lat' dir='ltr'>esse</span> 
     </span>
     <span class='ocr_line' id='line_1_22' title="bbox 23 3389 1241 3514; baseline 0.002 -39"><span class='ocrx_word' id='word_1_182' title='bbox 23 3389 25 3514; x_wconf 67' lang='lat' dir='ltr'>l</span> <span class='ocrx_word' id='word_1_183' title='bbox 84 3411 250 3479; x_wconf 86' lang='lat' dir='ltr'>ridetur—</span> <span class='ocrx_word' id='word_1_184' title='bbox 261 3417 373 3484; x_wconf 87' lang='lat' dir='ltr'>tamen</span> <span class='ocrx_word' id='word_1_185' title='bbox 386 3439 452 3482; x_wconf 92' lang='lat' dir='ltr'>non</span> <span class='ocrx_word' id='word_1_186' title='bbox 462 3416 569 3480; x_wconf 85' lang='lat' dir='ltr'>minus</span> <span class='ocrx_word' id='word_1_187' title='bbox 584 3438 682 3500; x_wconf 88' lang='lat' dir='ltr'>quam</span> <span class='ocrx_word' id='word_1_188' title='bbox 697 3415 850 3480; x_wconf 85' lang='lat' dir='ltr'>adverbia</span> <span class='ocrx_word' id='word_1_189' title='bbox 864 3415 922 3481; x_wconf 92' lang='lat' dir='ltr'>illa</span> <span class='ocrx_word' id='word_1_190' title='bbox 942 3415 1095 3499; x_wconf 89' lang='lat' dir='ltr'>melius,</span> <span class='ocrx_word' id='word_1_191' title='bbox 1113 3437 1241 3479; x_wconf 85' lang='lat' dir='ltr'>aman-</span> 
     </span>
     <span class='ocr_line' id='line_1_23' title="bbox 83 3518 1240 3607; baseline 0.003 -25"><span class='ocrx_word' id='word_1_192' title='bbox 83 3518 150 3584; x_wconf 87' lang='lat' dir='ltr'>tius</span> <span class='ocrx_word' id='word_1_193' title='bbox 164 3522 252 3586; x_wconf 87' lang='lat' dir='ltr'>valet</span> <span class='ocrx_word' id='word_1_194' title='bbox 269 3523 458 3588; x_wconf 85' lang='lat' dir='ltr'>adverbum</span> <span class='ocrx_word' id='word_1_195' title='bbox 474 3522 590 3607; x_wconf 84' lang='lat' dir='ltr'>agendi</span> <span class='ocrx_word' id='word_1_196' title='bbox 607 3522 823 3607; x_wconf 89' lang='lat' dir='ltr'>supplendum</span> <span class='ocrx_word' id='word_1_197' title='bbox 838 3527 871 3588; x_wconf 88' lang='lat' dir='ltr'>et</span> <span class='ocrx_word' id='word_1_198' title='bbox 886 3543 1000 3588; x_wconf 91' lang='lat' dir='ltr'>sensus</span> <span class='ocrx_word' id='word_1_199' title='bbox 1014 3521 1149 3606; x_wconf 88' lang='lat' dir='ltr'>perinde</span> <span class='ocrx_word' id='word_1_200' title='bbox 1164 3543 1240 3605; x_wconf 86' lang='lat' dir='ltr'>qua-</span> 
     </span>
     <span class='ocr_line' id='line_1_24' title="bbox 83 3625 1241 3716; baseline 0.004 -28"><span class='ocrx_word' id='word_1_201' title='bbox 83 3625 145 3692; x_wconf 86' lang='lat' dir='ltr'>drat</span> <span class='ocrx_word' id='word_1_202' title='bbox 162 3651 200 3694; x_wconf 85' lang='lat' dir='ltr'>ac</span> <span class='ocrx_word' id='word_1_203' title='bbox 219 3629 247 3693; x_wconf 88' lang='lat' dir='ltr'>si</span> <span class='ocrx_word' id='word_1_204' title='bbox 265 3629 475 3714; x_wconf 83' lang='lat' dir='ltr'>prompsit,</span> <span class='ocrx_word' id='word_1_205' title='bbox 496 3631 538 3694; x_wconf 90' lang='lat' dir='ltr'>ut</span> <span class='ocrx_word' id='word_1_206' title='bbox 557 3628 771 3694; x_wconf 89' lang='lat' dir='ltr'>scriberemus</span> <span class='ocrx_word' id='word_1_207' title='bbox 792 3627 846 3716; x_wconf 89' lang='lat' dir='ltr'>(cf.</span> <span class='ocrx_word' id='word_1_208' title='bbox 861 3627 1057 3712; x_wconf 82' lang='lat' dir='ltr'>Doederlin,</span> <span class='ocrx_word' id='word_1_209' title='bbox 1075 3626 1241 3714; x_wconf 79' lang='lat' dir='ltr'>Nipperd,</span> 
     </span>
     <span class='ocr_line' id='line_1_25' title="bbox 82 3730 1143 3820; baseline 0.003 -23"><span class='ocrx_word' id='word_1_210' title='bbox 82 3730 168 3798; x_wconf 86' lang='lat' dir='ltr'>Orell.</span> <span class='ocrx_word' id='word_1_211' title='bbox 187 3734 296 3801; x_wconf 86' lang='lat' dir='ltr'>Halm.</span> <span class='ocrx_word' id='word_1_212' title='bbox 319 3736 389 3801; x_wconf 87' lang='lat' dir='ltr'>edd.</span> <span class='ocrx_word' id='word_1_213' title='bbox 413 3741 446 3800; x_wconf 90' lang='lat' dir='ltr'>et</span> <span class='ocrx_word' id='word_1_214' title='bbox 468 3735 567 3800; x_wconf 87' lang='lat' dir='ltr'>Halm</span> <span class='ocrx_word' id='word_1_215' title='bbox 590 3735 625 3800; x_wconf 89' lang='lat' dir='ltr'>in</span> <span class='ocrx_word' id='word_1_216' title='bbox 647 3734 760 3801; x_wconf 88' lang='lat' dir='ltr'>Jahrb.</span> <span class='ocrx_word' id='word_1_217' title='bbox 778 3735 800 3802; x_wconf 86' lang='lat' dir='ltr'>f.</span> <span class='ocrx_word' id='word_1_218' title='bbox 820 3735 902 3801; x_wconf 90' lang='lat' dir='ltr'>Phil.</span> <span class='ocrx_word' id='word_1_219' title='bbox 920 3735 982 3798; x_wconf 88' lang='grc'>109</span> <span class='ocrx_word' id='word_1_220' title='bbox 1000 3759 1030 3819; x_wconf 90' lang='lat' dir='ltr'>p.</span> <span class='ocrx_word' id='word_1_221' title='bbox 1045 3730 1143 3820; x_wconf 92' lang='grc'>414).</span> 
     </span>
    </p>

    <p class='ocr_par' dir='ltr' id='par_1_9' title="bbox 78 3830 1359 4571">
     <span class='ocr_line' id='line_1_26' title="bbox 158 3830 1244 3928; baseline 0 -22"><span class='ocrx_word' id='word_1_222' title='bbox 158 3841 207 3908; x_wconf 87' lang='lat' dir='ltr'>XI</span> <span class='ocrx_word' id='word_1_223' title='bbox 224 3843 254 3928; x_wconf 85' lang='lat'>9,</span> <span class='ocrx_word' id='word_1_224' title='bbox 277 3842 369 3925; x_wconf 70' lang='lat' dir='ltr'>9s13:</span> <span class='ocrx_word' id='word_1_225' title='bbox 399 3847 434 3906; x_wconf 82' lang='lat' dir='ltr'>at</span> <span class='ocrx_word' id='word_1_226' title='bbox 456 3841 571 3906; x_wconf 79' lang='lat' dir='ltr'>Periti</span> <span class='ocrx_word' id='word_1_227' title='bbox 598 3841 797 3926; x_wconf 64' lang='lat' dir='ltr'>impostores</span> <span class='ocrx_word' id='word_1_228' title='bbox 826 3830 895 3908; x_wconf 77' lang='lat' dir='ltr'>cum</span> <span class='ocrx_word' id='word_1_229' title='bbox 918 3862 1061 3926; x_wconf 58' lang='lat' dir='ltr'>punam</span> <span class='ocrx_word' id='word_1_230' title='bbox 1086 3846 1244 3925; x_wconf 76' lang='lat' dir='ltr'>pararent</span> 
     </span>
     <span class='ocr_line' id='line_1_27' title="bbox 79 3945 1243 4034; baseline 0.003 -25"><span class='ocrx_word' id='word_1_231' title='bbox 79 3945 176 4024; x_wconf 74' lang='lat' dir='ltr'>feodiis</span> <span class='ocrx_word' id='word_1_232' title='bbox 193 3953 314 4031; x_wconf 76' lang='lat' dir='ltr'>repento</span> <span class='ocrx_word' id='word_1_233' title='bbox 329 3948 454 4029; x_wconf 68' lang='lat' dir='ltr'>famant</span> <span class='ocrx_word' id='word_1_234' title='bbox 471 3947 603 4031; x_wconf 77' lang='lat' dir='ltr'>capnitis</span> <span class='ocrx_word' id='word_1_235' title='bbox 622 3948 825 4031; x_wconf 66' lang='lat' dir='ltr'>popularium</span> <span class='ocrx_word' id='word_1_236' title='bbox 845 3947 982 4034; x_wconf 74' lang='lat' dir='ltr'>insidiis,</span> <span class='ocrx_word' id='word_1_237' title='bbox 1000 3969 1079 4031; x_wconf 82' lang='lat' dir='ltr'>qaus</span> <span class='ocrx_word' id='word_1_238' title='bbox 1094 3947 1243 4013; x_wconf 73' lang='lat' dir='ltr'>Gotarzes</span> 
     </span>
     <span class='ocr_line' id='line_1_28' title="bbox 78 4050 1243 4138; baseline 0.003 -23"><span class='ocrx_word' id='word_1_239' title='bbox 78 4050 170 4126; x_wconf 80' lang='lat' dir='ltr'>fratri</span> <span class='ocrx_word' id='word_1_240' title='bbox 202 4057 363 4138; x_wconf 60' lang='lat' dir='ltr'>patefecit</span> <span class='ocrx_word' id='word_1_241' title='bbox 395 4055 603 4138; x_wconf 78' lang='lat' dir='ltr'>conpressiqae</span> <span class='ocrx_word' id='word_1_242' title='bbox 627 4055 734 4138; x_wconf 82' lang='lat' dir='ltr'>primo</span> <span class='ocrx_word' id='word_1_243' title='bbox 766 4060 957 4134; x_wconf 73' lang='lat' dir='ltr'>mactantes,</span> <span class='ocrx_word' id='word_1_244' title='bbox 993 4056 1065 4120; x_wconf 77' lang='lat' dir='ltr'>dein</span> <span class='ocrx_word' id='word_1_245' title='bbox 1095 4053 1243 4137; x_wconf 67' lang='lat' dir='ltr'>compuri·</span> 
     </span>
     <span class='ocr_line' id='line_1_29' title="bbox 79 4159 1242 4246; baseline 0.001 -23"><span class='ocrx_word' id='word_1_246' title='bbox 79 4161 195 4227; x_wconf 77' lang='lat' dir='ltr'>desiras</span> <span class='ocrx_word' id='word_1_247' title='bbox 217 4163 303 4246; x_wconf 80' lang='lat' dir='ltr'>apud</span> <span class='ocrx_word' id='word_1_248' title='bbox 324 4161 445 4228; x_wconf 65' lang='lat' dir='ltr'>ultuma</span> <span class='ocrx_word' id='word_1_249' title='bbox 468 4163 558 4228; x_wconf 54' lang='lat' dir='ltr'>dum</span> <span class='ocrx_word' id='word_1_250' title='bbox 574 4164 716 4246; x_wconf 78' lang='lat' dir='ltr'>pepipera</span> <span class='ocrx_word' id='word_1_251' title='bbox 737 4162 882 4243; x_wconf 75' lang='lat' dir='ltr'>fraudem</span> <span class='ocrx_word' id='word_1_252' title='bbox 910 4161 1111 4226; x_wconf 77' lang='lat' dir='ltr'>inimicorum</span> <span class='ocrx_word' id='word_1_253' title='bbox 1133 4159 1242 4226; x_wconf 82' lang='lat' dir='ltr'>ulcisci</span> 
     </span>
     <span class='ocr_line' id='line_1_30' title="bbox 79 4267 1359 4354; baseline 0.006 -25"><span class='ocrx_word' id='word_1_254' title='bbox 79 4270 108 4329; x_wconf 90' lang='lat' dir='ltr'>et</span> <span class='ocrx_word' id='word_1_255' title='bbox 128 4290 158 4353; x_wconf 90' lang='lat' dir='ltr'>q.</span> <span class='ocrx_word' id='word_1_256' title='bbox 177 4289 204 4333; x_wconf 89' lang='lat' dir='ltr'>s.</span> <span class='ocrx_word' id='word_1_257' title='bbox 240 4267 393 4332; x_wconf 85' lang='lat' dir='ltr'>Walther</span> <span class='ocrx_word' id='word_1_258' title='bbox 411 4267 490 4332; x_wconf 93' lang='lat' dir='ltr'>olim</span> <span class='ocrx_word' id='word_1_259' title='bbox 508 4269 631 4354; x_wconf 86' lang='lat' dir='ltr'>recepit</span> <span class='ocrx_word' id='word_1_260' title='bbox 648 4269 683 4334; x_wconf 94' lang='lat' dir='ltr'>in</span> <span class='ocrx_word' id='word_1_261' title='bbox 700 4272 826 4334; x_wconf 86' lang='lat' dir='ltr'>textum</span> <span class='ocrx_word' id='word_1_262' title='bbox 847 4267 1107 4332; x_wconf 88' lang='lat' dir='ltr'>emendationem</span> <span class='ocrx_word' id='word_1_263' title='bbox 1131 4289 1241 4332; x_wconf 90' lang='lat' dir='ltr'>cunc·</span> <span class='ocrx_word' id='word_1_264' title='bbox 1354 4329 1359 4337; x_wconf 83' lang='lat'><strong>.</strong></span> 
     </span>
     <span class='ocr_line' id='line_1_31' title="bbox 79 4372 1243 4460; baseline 0.002 -23"><span class='ocrx_word' id='word_1_265' title='bbox 79 4378 224 4460; x_wconf 83' lang='lat' dir='ltr'>tantur,</span> <span class='ocrx_word' id='word_1_266' title='bbox 247 4374 304 4439; x_wconf 91' lang='lat' dir='ltr'>sed</span> <span class='ocrx_word' id='word_1_267' title='bbox 327 4375 362 4439; x_wconf 96' lang='lat' dir='ltr'>in</span> <span class='ocrx_word' id='word_1_268' title='bbox 381 4376 592 4440; x_wconf 84' lang='lat' dir='ltr'>annotatione</span> <span class='ocrx_word' id='word_1_269' title='bbox 615 4375 854 4441; x_wconf 82' lang='lat' dir='ltr'>commendarit</span> <span class='ocrx_word' id='word_1_270' title='bbox 873 4374 992 4438; x_wconf 89' lang='lat' dir='ltr'>codicis</span> <span class='ocrx_word' id='word_1_271' title='bbox 1010 4372 1184 4438; x_wconf 91' lang='lat' dir='ltr'>lectionem</span> <span class='ocrx_word' id='word_1_272' title='bbox 1208 4374 1243 4439; x_wconf 90' lang='lat' dir='ltr'>in</span> 
     </span>
     <span class='ocr_line' id='line_1_32' title="bbox 78 4479 1244 4571; baseline 0.003 -27"><span class='ocrx_word' id='word_1_273' title='bbox 78 4479 156 4546; x_wconf 91' lang='lat' dir='ltr'>hunc</span> <span class='ocrx_word' id='word_1_274' title='bbox 198 4482 329 4547; x_wconf 90' lang='lat' dir='ltr'>modum</span> <span class='ocrx_word' id='word_1_275' title='bbox 371 4481 594 4569; x_wconf 84' lang='lat' dir='ltr'>explicandam</span> <span class='ocrx_word' id='word_1_276' title='bbox 633 4486 840 4570; x_wconf 90' lang='lat' dir='ltr'>postquam</span> <span class='ocrx_word' id='word_1_277' title='bbox 880 4481 1095 4571; x_wconf 81' lang='lat' dir='ltr'>congressi</span> <span class='ocrx_word' id='word_1_278' title='bbox 1128 4486 1244 4552; x_wconf 88' lang='lat' dir='ltr'>eraut</span> 
     </span>
    </p>
   </div>
   <div class='ocr_carea' id='block_1_6' title="bbox 0 0 1585 5220">
    <p class='ocr_par' dir='ltr' id='par_1_10' title="bbox 0 0 1585 5220">
     <span class='ocr_line' id='line_1_33' title="bbox 0 0 1585 5220; baseline 0 0"><span class='ocrx_word' id='word_1_279' title='bbox 0 0 1585 5220; x_wconf 95' lang='lat' dir='ltr'> </span> 
     </span>
    </p>
   </div>
  </div>
 </body>
</html>
