3158 5226
780 471 1022 534 -124-

863 685 937 765 57.

405 825 561 893 Verbum
579 826 722 892 finitum
740 825 780 892 in
798 825 945 910 periodo
960 843 1007 892 ex
1025 829 1272 912 compluribus
1291 849 1398 898 mem·

404 934 482 1001 bris
505 933 704 1017 compositu
727 932 780 998 ita
803 932 860 1000 est
882 932 1102 1020 adhibitum,
1126 936 1169 1002 ut
1191 938 1256 1004 aut
1277 939 1398 1021 ipsum

404 1040 477 1107 alia
500 1040 763 1122 significatione
787 1058 893 1120 quam
922 1057 993 1119 que
1018 1040 1061 1106 nd
1084 1044 1273 1127 proprium
1292 1061 1398 1112 suum

404 1149 604 1214 membrum
646 1146 805 1230 pertinet
848 1145 892 1212 ad
929 1146 1049 1214 cetera
1089 1149 1289 1236 referatur,
1333 1151 1400 1217 aut

403 1253 665 1338 plumacium,
685 1252 748 1320 sed
765 1254 955 1334 cognatum
974 1253 1236 1334 significatione
1253 1259 1400 1326 verbum

510 1377 556 1427 ex
578 1376 619 1428 eo
638 1359 877 1441 intellegatur
894 1358 934 1425 in
952 1361 1083 1427 ceteris
1102 1364 1285 1431 membris.

404 1485 542 1552 Formae
564 1485 660 1551 huius
685 1485 810 1551 dicendi
835 1487 963 1569 generis
987 1488 1215 1573 comprehendi
1233 1490 1340 1556 solent
1357 1492 1490 1556 nomine

316 1593 538 1680 zeugmatis.

404 1699 467 1766 Est
490 1721 566 1765 vero
589 1700 651 1765 hoc
673 1700 949 1785 breviloquentiae
973 1721 1084 1788 genus,
1108 1702 1195 1788 quod
1212 1703 1267 1768 vix
1286 1704 1370 1769 alius
1389 1704 1491 1789 scrip-
1561 1703 1562 1721 ¹

316 1812 369 1874 tor
378 1807 544 1873 Romanus
555 1806 681 1872 maiore
696 1806 846 1873 adhibuit
860 1807 994 1873 audacia
1008 1831 1105 1893 quam
1120 1809 1261 1876 Tacitus.
1281 1808 1363 1875 Cum
1378 1815 1492 1877 antem
1561 1824 1562 1888 ἶ

316 1915 459 1980 maxime
473 1937 512 1979 ex
527 1917 621 1998 parte
636 1913 668 1979 id
683 1913 808 1978 nitatur
824 1913 983 1980 affinitate
999 1916 1138 2000 quadam
1153 1916 1411 2003 significationis,
1427 1940 1490 2002 qua
1561 1915 1562 1926 ’

315 2022 452 2087 verbum
470 2021 614 2106 positum
633 2042 705 2085 cum
725 2021 823 2085 verbo
843 2021 1023 2106 supplendo
1043 2022 1251 2088 coniunctum
1270 2028 1329 2109 est,
1352 2026 1493 2108 apparet

316 2132 422 2194 totam
445 2149 513 2193 rem
536 2126 742 2192 iudicandam
766 2149 836 2192 esse
860 2128 1060 2215 erratione,
1088 2151 1171 2214 quae
1198 2129 1375 2196 intercedit
1401 2130 1492 2196 inter

317 2235 588 2321 significationem
617 2234 708 2300 verbi
737 2235 837 2318 positi
868 2239 901 2299 et
931 2233 1034 2300 verbi'
1050 2236 1232 2321 supplendi.
1256 2273 1296 2282 —
1320 2235 1400 2302 Tres
1430 2237 1492 2302 has
1561 2305 1562 2310 ,

316 2343 437 2408 formas
460 2342 642 2409 invenimus
666 2340 753 2426 apud
775 2341 939 2408 Tacitum:

408 2452 436 2515 1.
459 2451 563 2515 Idem
587 2448 744 2514 verbum
768 2448 847 2514 alia
870 2449 1178 2534 significatione
1202 2449 1247 2515 ad
1270 2472 1385 2515 unum
1410 2451 1492 2515 alia
1561 2443 1562 2454 ¹

318 2558 362 2622 ad
386 2557 552 2623 alterum
576 2556 775 2621 enuntiati
798 2555 1005 2621 membrum
1027 2554 1216 2642 pertin-et:

408 2663 448 2729 H.
465 2664 479 2728 I
495 2665 525 2748 4,
541 2664 649 2728 7-9:
673 2660 762 2748 (finis
785 2660 940 2749 Neronis)
963 2665 1067 2728 corios
1089 2667 1190 2729 motus
1219 2664 1397 2729 onomorom
1427 2684 1493 2728 ooo

317 2772 405 2836 modo
428 2772 464 2835 tn
486 2771 559 2836 orbe
580 2772 666 2854 epod
688 2775 797 2853 potres
825 2776 882 2834 oot
903 2770 1056 2854 popmtotm
1084 2773 1140 2835 oot
1168 2770 1323 2835 ortanum
1351 2770 1494 2849 militent,

317 2880 370 2943 sed
391 2897 493 2943 omnes
521 2878 649 2960 lopioocs
676 2879 821 2959 doemone
847 2878 1057 2942 conciverat
1084 2874 1117 2962 (i.
1132 2899 1158 2942 e.
1172 2876 1420 2961 accenderat3
1452 2877 1493 2942 ad

318 2985 408 3069 prius
429 2985 611 3050 membrum
632 2984 770 3050 refertur
789 2983 1027 3070 significatione
1046 2980 1318 3069 excitaverat);
1341 2981 1494 3049 Heraeus
1561 2969 1562 2972 Ἴ

318 3091 440 3176 repetit
470 3091 745 3176 praepositionem
778 3091 880 3175 apud
912 3094 988 3155 ante
1021 3112 1165 3157 omnes:
1197 3090 1254 3154 sed
1268 3089 1308 3154 cf.
1322 3087 1424 3154 Greci
1435 3090 1485 3155 l.l
1561 3167 1562 3176 ἵ

317 3222 349 3284 p.
366 3198 512 3290 lp-lo.
546 3195 704 3264 Similiter
727 3197 848 3283 legitur
866 3196 1163 3282 -11141,17s18:
1186 3194 1294 3283 (atrox
1317 3195 1494 3262 consilium
1561 3255 1562 3260 ,

318 3304 407 3390 iniit,
438 3301 489 3391 ut)
521 3303 646 3370 Gollioe
676 3309 705 3368 ot
735 3305 883 3370 excretos
913 3309 942 3369 et
964 3303 1152 3370 Geraeston
1183 3308 1286 3387 penos
1320 3323 1496 3387 nomenque
1561 3363 1562 3390 3

318 3412 429 3478 belom
451 3412 562 3476 cieret
584 3411 604 3478 i.
620 3435 645 3478 e.
669 3411 876 3497 excitaret,
904 3410 945 3476 ad
974 3411 1198 3476 antecedentia
1224 3410 1364 3475 relatum
1387 3409 1494 3496 signi-

319 3519 395 3584 ficat
417 3519 646 3585 accenderet
669 3516 722 3606 (cf.
738 3518 797 3584 len¹
814 3516 913 3605 Tac).
936 3555 980 3564 -
1003 3518 1220 3603 135,1seq.:
1248 3522 1312 3581 tom
1334 3537 1403 3582 vero
1428 3538 1497 3581 ooo

312 3627 448 3710 popolus
471 3631 592 3691 tootom
618 3631 648 3691 er
669 3627 803 3710 iopes-tto
823 3626 912 3709 pots
934 3627 969 3690 io
989 3626 1123 3708 pleneus
1150 3629 1178 3688 et
1204 3624 1359 3688 inmodico
1384 3625 1497 3690 studia

319 3731 462 3818 (ruerez
491 3734 512 3799 i.
526 3754 552 3798 e.
580 3732 758 3798 feruntur
784 3732 916 3797 inviti:
946 3732 984 3798 cf.
996 3731 1179 3817 An.17,1;
1207 3766 1248 3776 -
1272 3728 1354 3795 XIII
1370 3728 1427 3815 14,
1443 3728 1496 3818 8),

317 3841 371 3905 sed
402 3842 537 3922 eqoimm
560 3840 701 3922 potone
727 3859 764 3904 oo
794 3844 972 3904 savatorem
1051 3838 1193 3918 refractis
1222 3837 1342 3902 Pacato
1368 3834 1497 3916 fortitus

318 3968 423 4012 rocrc
445 3948 529 4012 onos
552 3943 605 4033 (cf.
619 3945 649 4012 J.
662 3945 789 4028 Miller,
809 3944 963 4011 Zeitsohr.
975 3945 998 4011 f.
1015 3951 1044 4011 ὃ.
1060 3944 1097 4010 G.
1115 3944 1199 4010 1878
1215 3967 1245 4028 p.
1259 3943 1325 4006 442
1340 3939 1439 4028 seq.);
1451 3981 1494 3990 —

319 4054 352 4120 Il
368 4055 419 4140 70,
434 4053 541 4137 lesit:
564 4058 592 4117 et
613 4058 703 4117 mont
723 4073 798 4135 quos
820 4055 911 4117 corto
935 4073 1005 4118 sors
1030 4071 1134 4116 rerum
1157 4047 1342 4136 (subirem
1364 4048 1386 4114 i.
1400 4070 1428 4115 e.
1454 4050 1494 4114 in

319 4167 483 4227 mentem
506 4160 671 4245 veniret,
699 4165 937 4234 occurreret:
961 4159 999 4224 cf.
1014 4157 1188 4242 efflei,
1211 4152 1262 4242 te)
1286 4154 1498 4238 Iooimoeqoo

319 4273 348 4334 et
370 4269 579 4335 misericordia
600 4269 742 4334 subiret
762 4263 1254 4354 (etHeraeus)3—8l,14slbz
1278 4281 1332 4326 noc
1355 4261 1498 4327 obem

319 4377 407 4442 orode
425 4381 481 4440 aot
498 4375 671 4458 municipatu
688 4379 828 4457 conpecto
845 4375 1017 4458 copiarum,
1043 4373 1096 4437 sed
1114 4372 1176 4454 e'psi
1193 4369 1320 4436 ndtores
1339 4365 1498 4455 (rasta-

320 4484 460 4548 bantur
483 4467 860 4548 =braudschatzen=
884 4479 1169 4565 af.H.1116,15;
1200 4477 1280 4562 Agr.
1298 4475 1402 4560 22,2;
1427 4473 1499 4542 An.
