3176 5220
764 410 982 475 „52-

290 573 418 639 breviter
446 577 475 638 et
503 575 590 636 amte
618 574 647 635 et
674 569 774 635 hilare
802 571 881 636 dicto
910 569 1085 638 dedicatur)
1108 551 1223 634 *maius
1259 572 1310 634 est
1346 567 1457 633 vitium

290 703 388 765 quam
411 678 565 762 tristitia;
592 677 704 761 itaque
728 677 757 743 si
781 677 937 763 Agricola
960 699 985 742 c.
1001 677 1044 741 22
1068 676 1244 741 acerbior
1272 677 1381 740 dietus
1404 678 1459 758 est,

290 789 427 871 apparet
464 785 505 850 ab
538 805 576 848 eo
603 804 670 848 non
693 783 832 849 alienam
861 783 965 848 fuisse
996 783 1176 849 tristitiam.
1223 782 1276 848 Sic
1302 782 1459 846 Eussner!

189 935 192 942 ι
290 892 354 958 Sed
372 892 503 976 singula
521 889 618 954 buius
633 889 848 955 conclusionis
868 893 1062 974 argumenta
1075 889 1195 954 caduca
1207 893 1292 963 sunt.
1330 888 1460 953 Tacitus

291 999 377 1064 enim
396 999 466 1082 ipse
486 1019 634 1081 expresse
654 997 861 1062 severitatem
876 997 1015 1062 secrevit
1030 1019 1049 1060 a
1062 995 1200 1061 tristitia
1216 995 1302 1062 Hist.
1317 995 1336 1060 Ι
1353 995 1404 1080 14,
1424 997 1459 1057 11

290 1127 370 1191 seq.:
394 1104 537 1170 Pisa-ea
555 1105 768 1168 aestimatione
789 1107 871 1168 recta
892 1125 1019 1188 secans,
1042 1087 1172 1168 eleterius
1194 1103 1462 1186 interpretantibus

290 1213 410 1276 tristior
436 1210 619 1289 babebatun·
653 1215 745 1296 patet
771 1210 875 1296 igitur
896 1211 1062 1276 hominem
1092 1231 1239 1275 severum
1269 1213 1303 1274 et
1335 1210 1462 1294 saepias

289 1318 532 1383 misericordem
562 1317 695 1383 minime
725 1317 765 1381 ab
796 1317 909 1382 eodem
945 1316 1041 1401 quasi
1075 1317 1180 1381 iudice
1217 1316 1280 1381 dici
1315 1316 1462 1402 potuisse

289 1426 428 1490 tristem.
464 1424 600 1490 Accedit
623 1424 709 1508 quod
732 1424 804 1488 loco
828 1424 886 1489 illo
907 1424 947 1488 ab
967 1423 1133 1488 Eussnero
1153 1424 1274 1488 collato
1293 1421 1395 1510 (Agr.
1409 1418 1462 1504 22)

292 1531 447 1616 Agricola
482 1552 633 1614 expresse
671 1530 854 1596 defenditur
891 1531 931 1594 ab
969 1529 1157 1595 acerbitatis
1194 1530 1389 1615 opprobri03
1420 1527 1463 1592 ibi

291 1638 377 1702 enim
411 1637 533 1722 legitur
566 1636 585 1701 l.
603 1636 644 1701 15
677 1659 756 1722 seq.:
788 1639 872 1719 apud
903 1638 1054 1718 quosdam
1086 1634 1223 1701 acerbior
1254 1638 1288 1702 in
1315 1629 1463 1702 ¹eonrrin'is

289 1745 500 1809 narrabatur:
530 1748 565 1808 at
586 1749 654 1818 erat
681 1745 775 1809 earnis
804 1745 965 1809 bannita
988 1745 1133 1808 adrasus
1156 1743 1254 1807 malos
1276 1743 1463 1808 iniucundus

291 1848 420 1938 (sensus
453 1849 550 1915 huius
583 1849 647 1915 loci
679 1850 796 1915 clarior
827 1851 865 1914 fit
902 1853 1034 1934 accepta
1067 1849 1282 1915 Henrichseni
1314 1847 1464 1936 egregrie

291 1956 516 2022 emendatione
548 1961 580 2020 et
606 1961 675 2022 erat
696 1961 736 2020 ut
762 1956 855 2022 earnis
878 1957 964 2020 bonis
991 1957 1038 2021 ita
1062 1960 1094 2021 et
1118 1981 1147 2042 q.
1163 1953 1211 2042 a).
1257 1956 1462 2022 Dicendusne

292 2066 401 2128 autem
424 2062 490 2126 fuit
512 2063 550 2148 is,
573 2063 629 2147 qui
652 2063 824 2128 iniucunde
847 2063 882 2128 in
905 2064 1019 2149 malos,
1042 2063 1182 2150 benigne
1205 2065 1239 2129 in
1262 2065 1369 2130 bonos
1394 2085 1463 2127 con·

291 2169 398 2234 sulere
422 2169 564 2254 solebat,
586 2169 684 2234 homo
708 2170 827 2255 tristis,
851 2169 937 2234 siin
959 2171 1147 2235 universum
1170 2171 1208 2234 de
1233 2171 1301 2236 eius
1327 2169 1462 2236 admini-

291 2275 449 2346 stratione
481 2276 617 2341 iudicari
649 2276 783 2342 debuit?
837 2275 985 2342 Minime!
1017 2313 1059 2324 -
1089 2275 1261 2343 Praeterea
1293 2268 1461 2345 dicendum

292 2386 356 2467 est,
379 2382 407 2446 si
431 2383 562 2448 omnino
591 2383 700 2468 agitur
727 2384 766 2447 de
794 2382 1017 2448 additamento
1044 2388 1157 2449 nostro
1185 2384 1270 2470 loco,
1298 2392 1387 2451 certe
1416 2384 1462 2448 in·

291 2493 394 2554 sertas
424 2511 494 2554 esse
521 2513 540 2554 a
571 2489 704 2554 librario
735 2493 802 2554 tres
832 2489 908 2554 illas
937 2489 1102 2576 notiones,
1134 2494 1171 2555 ut
1200 2493 1300 2556 verba
1329 2493 1461 2558 nullam-

285 2615 452 2677 personam
471 2595 717 2680 explicarentur.
750 2592 855 2681 (Idem
874 2596 1030 2662 iudicium
1049 2598 1127 2662 tulit
1146 2597 1244 2662 etiam
1263 2599 1336 2684 Igu.
1355 2599 1462 2663 Pram-

292 2722 370 2786 mer,
392 2700 546 2766 Zeitsehr.
564 2701 586 2767 f.
605 2706 719 2768 dsterr.
738 2702 854 2788 Gymn.
878 2704 918 2767 31
934 2728 965 2789 p.
983 2700 1070 2790 183.)
1106 2703 1222 2789 ltaque
1246 2708 1304 2769 aut
1326 2704 1461 2790 recipias

291 2806 450 2872 Urlichsii
473 2807 697 2875 acutissimam
722 2809 980 2874 emendationem
1004 2806 1057 2895 (cf.
1076 2809 1255 2896 Andresen,
1278 2811 1462 2877 Jahresber.

291 2913 327 2977 in
340 2912 525 2979 Zeitschr.f.
539 2915 567 2979 d.
577 2915 712 3000 Gymn-
721 2916 809 2981 Wes.
817 2917 860 2980 32
873 2940 903 3001 p.
912 2916 986 3001 304,
1000 2913 1161 3001 Wblfflin,
1175 2917 1268 2983 Burs.
1279 2919 1299 2982 J
1302 2919 1462 2985 abresber.

295 3017 530 3106 1815111116),
553 3043 635 3105 quae
659 3022 904 3087 commendatur
927 3023 998 3088 loco
1025 3023 1114 3086 haud
1138 3023 1289 3089 dissimili
1312 3025 1402 3092 Hist.
1416 3023 1462 3091 Ill

292 3125 385 3208 9,14
408 3147 487 3210 seq.:
510 3125 568 3190 bas
590 3129 633 3192 aa
654 3128 757 3212 capias
837 3130 923 3194 misit
940 3129 1085 3212 epistulas
1104 3129 1245 3215 Caecina,
1268 3135 1463 3198 teneritatem

292 3232 372 3295 emta
390 3253 482 3296 arma
502 3235 700 3299 tractantium
719 3236 873 3301 inamans.
895 3237 991 3301 simul
1009 3237 1107 3300 uirtus
1121 3235 1302 3303 Germanici
1318 3241 1464 3304 auarus

294 3337 440 3402 laudibus
462 3339 669 3426 attollebatur,
698 3339 815 3407 Vitellii
841 3344 962 3408 modica
984 3347 1012 3406 et
1033 3343 1156 3424 culpmi
1182 3346 1346 3431 mentione,
1376 3345 1463 3412 nulla

292 3445 327 3509 in
356 3444 578 3528 Vespasianum
600 3449 799 3514 contumelia:
827 3448 925 3515 nibil
941 3469 1115 3532 prorsas,
1143 3452 1225 3528 quod
1249 3457 1307 3516 aut
1328 3472 1462 3518 carram·

286 3556 374 3633 peret
394 3551 508 3617 bostem
530 3559 587 3618 aut
604 3560 734 3641 terreret,
746 3555 845 3621 -IV
859 3555 911 3640 50,
937 3555 977 3620 15
992 3577 1072 3641 seq.:
1094 3557 1147 3640 sed
1163 3557 1288 3623 Pisonis
1305 3562 1463 3626 satellitem

292 3655 431 3743 uacabat,
447 3661 624 3744 ‘militesque
641 3667 670 3727 et
691 3664 880 3727 centuriones
899 3663 1050 3744 quosdam
1065 3663 1186 3746 puniit,
1213 3665 1292 3729 alias
1312 3665 1463 3748 praemiis

293 3764 421 3845 adleeit:
444 3771 616 3831 neutrum
643 3789 684 3832 ea
707 3769 852 3852 merita,
879 3769 933 3832 sed
956 3773 993 3831 ut
1018 3769 1199 3850 oppressisse
1226 3772 1337 3836 bellum
1367 3771 1462 3840 mede·

293 3875 393 3955 retur,
420 3875 478 3934 aut
506 3872 614 3937 deleas
643 3895 712 3938 cum
738 3873 961 3958 Peerlcampio
984 3875 1084 3939 verba
1107 3877 1408 3944 tristitiam-cauerat
1428 3881 1462 3942 ut

292 3977 517 4042 foedissimum
545 3979 717 4065 glossema.
763 3979 834 4056 Qua
857 3979 892 4043 in
918 4003 952 4045 re
979 3982 1176 4047 monendum
1204 3989 1255 4050 est
1288 4006 1370 4072 opus
1401 4006 1462 4052 non

294 4106 365 4148 esse
380 4087 561 4149 correctura
574 4085 634 4149 illa
651 4085 810 4172 Rhenani,
830 4087 984 4172 quoniam
1003 4089 1043 4153 ad
1063 4091 1282 4158 accusativum
1299 4093 1461 4159 nullam·

295 4211 498 4273 personam
522 4191 701 4257 iustissime
729 4192 873 4278 suppleri
901 4197 1011 4279 potest
1039 4196 1134 4281 egit3
1164 4202 1215 4262 est
1243 4199 1328 4264 enim
1351 4199 1462 4265 Tacito
1508 4179 1510 4186 ,

295 4295 395 4361 dictio
409 4297 627 4364 usitatissima
639 4320 846 4383 personam
866 4301 1040 4385 aliquam
1056 4301 1181 4388 agere:
1205 4305 1243 4369 cf.
1258 4305 1323 4370 111
1338 4306 1461 4392 sats.
1553 4327 1555 4332 ·

295 4403 380 4486 citra,
398 4403 509 4485 quibus
524 4407 598 4471 salis
612 4406 776 4490 pleriatur,
794 4411 920 4471 eaertme
938 4410 1112 4493 imperium,
1130 4413 1223 4474 etiam
1242 4433 1311 4476 cum
1330 4415 1462 4477 amicum
