3152 5222
562 481 779 544 ..77-

111 643 213 706 abiecta
233 641 425 727 suspicatur,
444 635 615 726 quodiam
635 638 959 705 commemoravimus
976 640 1138 703 soritium
1155 638 1255 718 soffia

107 750 188 829 piam:
208 769 251 813 ece
273 769 313 813 m.
327 771 358 813 a.
371 749 566 814 miseratione
588 752 622 812 et
636 771 665 833 q.
681 771 715 832 s,
738 750 825 812 recte
848 749 958 810 autem
986 745 1053 810 iam
1076 744 1256 830 Andresen,

109 854 380 920 tetresse-‚1875
406 879 436 940 p.
457 855 500 919 39
532 854 762 919 animadvertit
798 876 864 918 non
894 871 978 918 cam*
999 856 1154 936 mortem,
1191 874 1256 936 qua

109 962 138 1024 ab
157 963 215 1026 alio
240 962 359 1046 aliquis
383 961 552 1047 afficiatur,
575 962 630 1026 sed
655 983 726 1027 eam
750 961 868 1045 solam,
896 982 994 1044 quam
1018 959 1080 1024 sibi
1103 959 1174 1043 ipse
1198 959 1256 1023 ali-

108 1070 162 1152 quis
183 1069 372 1154 consciscat,
395 1067 504 1133 vocari
527 1091 623 1152 posse
646 1069 790 1134 sontium
818 1066 1005 1152 suffugium.
1051 1064 1127 1131 Sine
1156 1065 1254 1129 dubio

107 1175 131 1238 in
149 1176 221 1260 ipsis
246 1174 410 1240 mandatis
438 1174 541 1238 soceri
566 1173 704 1238 Antistii
733 1174 772 1238 de
801 1174 896 1259 culpa
923 1173 1034 1257 eliqua
1056 1171 1167 1236 Plauti
1190 1193 1256 1236 non

106 1283 193 1364 potuit
215 1283 284 1368 agi,
307 1303 384 1346 nam
406 1281 544 1346 Plautus
568 1303 678 1346 socero
703 1281 848 1346 Antistio
871 1279 984 1345 insons
1007 1278 1111 1344 videri
1134 1277 1255 1343 debuit.

106 1389 253 1454 Andresen
271 1389 343 1473 ipse
362 1388 429 1472 legi
448 1389 520 1453 vult
534 1388 677 1470 effuperet
693 1409 812 1470 segitem
830 1393 966 1470 mortem,
984 1387 1067 1451 daia
1085 1385 1256 1468 saffupiam

105 1501 195 1560 esset:
223 1497 332 1578 moysei
361 1496 497 1560 nominis
527 1499 560 1559 et
575 1517 604 1579 q.
619 1503 648 1560 s.'
675 1492 761 1581 (coll.
775 1493 816 1559 H.
831 1492 879 1558 IV
895 1495 945 1580 18,
960 1494 1018 1577 223
1048 1491 1110 1557 An.
1124 1491 1156 1555 V
1170 1492 1205 1577 3,
1220 1493 1255 1577 23

104 1597 364 1688 H.121,10s11);
394 1601 466 1665 ficri
490 1602 574 1666 enim
599 1624 664 1666 non
686 1623 799 1686 posse,
829 1605 867 1665 ut
889 1599 1057 1665 enuntiato
1081 1600 1114 1663 vi
1138 1599 1253 1663 adhor-

103 1709 176 1772 tandi
201 1708 351 1794 praedito
380 1707 577 1792 adiungatur
606 1707 712 1773 oratio
740 1708 873 1791 obliqua
900 1706 1062 1791 particula
1092 1710 1138 1770 et.
1184 1705 1256 1770 Hoc

103 1837 195 1880 verum
220 1815 464 1899 esseexempla
487 1837 584 1899 supra
608 1815 772 1900 adscripta
795 1812 919 1879 docent.
966 1811 1029 1877 Sed
1060 1812 1125 1876 1111
1148 1834 1255 1877 emen-

103 1921 174 1986 datio
192 1923 300 1987 minus
319 1921 473 2006 violenta,
496 1943 578 2005 quae
598 1921 698 1986 etiam
716 1921 882 2007 propriam
904 1919 1039 1984 Antistii
1059 1919 1254 2006 sententiam

103 2029 245 2114 exprimit,
267 2028 349 2092 mihi
373 2028 407 2092 in
426 2032 566 2093 mentem
596 2029 694 2093 venit.
739 2027 827 2093 lllud
855 2027 941 2091 enim
969 2046 1127 2110 segnem
1155 2039 1254 2089 mor-

102 2138 162 2199 tem
189 2136 371 2220 effugere
408 2135 515 2199 solum
545 2135 599 2200 vix
638 2139 751 2220 aptum
784 2134 914 2198 videtur
941 2133 981 2196 ad
1011 2131 1254 2196 miserationem

101 2240 176 2306 illam
206 2241 319 2328 magni
348 2242 489 2307 nominis
518 2242 723 2307 excitandam
751 2245 784 2306 et
815 2241 856 2305 ad
885 2240 985 2305 verba
1014 2239 1166 2302 nullum
1195 2239 1254 2301 in-

101 2349 198 2413 terim
230 2349 462 2413 subsidium·
478 2349 764 2434 aspernandum
787 2348 835 2412 ita
858 2346 1062 2431 explicanda,
1092 2349 1129 2409 ut
1158 2345 1254 2408 iustis

101 2456 189 2520 causis
214 2457 255 2520 ab
279 2455 427 2519 Antistio
452 2456 573 2540 scripta
597 2477 667 2521 esse
690 2455 871 2520 videantur.
916 2453 1083 2518 Miseratio
1108 2451 1166 2515 illa
1187 2473 1253 2526 non

101 2563 219 2626 excitari
241 2563 352 2647 potuit
374 2563 438 2626 nisi
462 2585 509 2648 eo,
532 2563 617 2647 quod
641 2562 866 2627 nobilissimus
884 2561 1021 2624 Plautus
1046 2559 1192 2623 miserias
1217 2581 1254 2624 ao

101 2669 252 2734 molestias
295 2669 392 2755 fugae
435 2669 643 2754 turpissimae
682 2669 752 2754 pati
784 2669 910 2752 debuit,
948 2670 1118 2751 praeterea
1155 2667 1256 2730 verba

99 2775 232 2840 nullum
259 2776 421 2840 interim
445 2775 665 2841 subsidium
686 2773 966 2860 aspernandum
985 2777 1096 2858 aperte
1110 2773 1255 2838 indicant

101 2882 267 2948 Antistium
287 2903 406 2968 genero
429 2905 488 2948 suo
508 2882 626 2947 Plauto
651 2881 774 2967 aliquid
798 2881 948 2966 suasisse,
971 2881 1023 2944 cui
1046 2881 1255 2945 vehementer

99 2990 279 3073 repugnavit
302 2989 412 3054 Plauti
443 2989 538 3054 decus
570 3012 607 3055 ac
637 2990 801 3054 nobilitas.
847 2987 919 3052 Hoc
949 2990 1057 3051 autem
1092 2987 1171 3052 satis
1203 3011 1254 3051 ex-

99 3095 183 3175 primi
208 3097 290 3160 mihi
316 3096 456 3182 videtur,
484 3097 512 3160 si
536 3097 655 3161 codicis
674 3096 805 3160 litterae
829 3096 937 3163 011111
967 3094 1190 3158 dissolvuntur
1221 3094 1255 3157 in

98 3202 219 3266 verbum
248 3204 384 3268 obiret
405 3203 471 3289 vel,
501 3204 587 3287 quod
611 3203 717 3288 magis
742 3203 900 3288 quadrare
926 3200 1070 3285 videtur,
1099 3204 1256 3284 peteret
1311 3277 1312 3280 Ἴ

99 3304 141 3392 (ex
163 3313 294 3404 pterct
316 3309 471 3374 facillime
487 3310 557 3375 fieri
572 3309 682 3395 potuit
705 3312 893 3393 corruptum
914 3307 996 3370 illud
1019 3312 1072 3376 otl
1086 3323 1088 3375 1
1101 3305 1156 3394 11);
1181 3306 1254 3370 dein

98 3419 218 3480 etcum
242 3415 375 3481 Halmio
398 3417 430 3481 in
456 3439 498 3481 ex
522 3417 714 3482 mutandum
738 3419 797 3500 est,
819 3419 856 3479 ut
879 3415 968 3479 loeus
992 3413 1048 3478 ille
1072 3415 1254 3478 1111111111-

97 3521 175 3603 plum
199 3524 268 3588 eius
293 3523 419 3587 dicendi
444 3525 584 3609 generis,
612 3525 651 3588 de
675 3545 738 3608 quo
762 3523 858 3586 modo
882 3521 1019 3605 egimus.

171 3630 246 3712 Huc
265 3631 429 3714 pertinent
443 3631 542 3695 etiam
563 3630 733 3696 enuntiata
751 3653 771 3693 a
790 3627 1070 3693 coniunctionibus
1094 3631 1135 3690 ut
1158 3632 1191 3690 et
1209 3653 1255 3691 ne

96 3737 268 3823 pendentia,
292 3760 375 3822 quae
399 3736 505 3803 verbis
529 3737 642 3801 orandi
666 3737 818 3801 monendi
842 3734 1064 3800 commovendi
1084 3739 1255 3819 reguntur:

97 3841 173 3909 HlI
186 3845 244 3931 44,
261 3845 315 3910 12:
347 3865 421 3927 quos
455 3845 580 3910 Annius
609 3843 721 3908 Gallos
750 3843 876 3907 coasilio
904 3841 1046 3924 presidum
1078 3843 1256 3906 crebritate

95 3949 227 4033 11111111,
249 3973 288 4016 ae
309 3972 400 4034 super
422 3951 538 4016 cladem
560 3951 848 4032 adeersuepupoae
876 3950 1002 4012 mismet
1027 3949 1089 4030 ipsi
1116 3950 1255 4014 caedibus

95 4059 252 4122 saevirent:
281 4059 343 4123 sive
371 4059 446 4140 finis
475 4058 549 4121 bello
577 4058 706 4121 venisset
733 4077 785 4120 seii
816 4074 966 4118 1111111111
996 4075 1089 4118 orma
1120 4056 1255 4140 malleat,

94 4167 212 4228 troicum
228 4167 316 4229 victis
340 4166 375 4228 ia
399 4184 545 4228 consensu
571 4164 787 4239 levamentum·
806 4199 842 4208 -—
856 4161 908 4246 46,
923 4162 1035 4245 9seq.:
1058 4165 1086 4226 is
1102 4165 1257 4244 praetorii

90 4273 254 4352 praefectus
275 4273 440 4335 identidem
463 4271 578 4348 111111,
600 4291 639 4333 ae
660 4271 846 4353 fidissimam
868 4270 1043 4351 eceteram,
1076 4291 1114 4332 oe
1145 4271 1256 4351 optime

95 4381 208 4442 meritos
236 4379 349 4442 milites
379 4380 538 4443 dmereret:
572 4379 688 4440 ianime
717 4379 822 4442 ocimo
851 4376 975 4440 toterori
1004 4376 1132 4438 adamae
1161 4395 1256 4456 quara

39 4509 45 4524 ·
95 4474 234 4566 relinqui·
265 4484 524 4571 -11125,15:
554 4505 622 4548 uoce
652 4483 748 4564 flebili
772 4483 957 4566 precubutur
982 4483 1124 4565 placatos
1149 4484 1255 4564 putris
