3152 5222
759 491 976 554 ..12-

281 671 406 733 operam
428 651 483 716 ool.
504 650 550 713 ΙΙ
558 673 590 733 p.
610 655 653 716 38
675 651 802 716 notioni
821 649 1080 734 brachylogia
1099 650 1264 735 propriam
1284 649 1455 716 subiunxit

281 756 560 842 significationem.
759 783 765 790 ·

371 863 475 929 Docet
498 868 607 929 autem
629 864 736 949 priore
760 865 845 930 loco:
876 863 946 946 rpsa
968 869 1070 928 uatem
1089 865 1297 946 prammaliea
1328 864 1454 930 omacio

281 990 391 1036 rursus
413 971 525 1054 duplex
552 976 614 1036 est:
641 971 757 1054 ellrpsis
785 976 814 1036 et
842 970 1050 1055 bruehplopic,
1078 989 1209 1051 quas...
1239 971 1284 1035 aa
1313 971 1393 1035 lara
1420 992 1455 1036 se

281 1075 408 1156 defferre
429 1081 543 1161 statuo,
570 1083 606 1142 al
631 1078 666 1142 ia
693 1078 794 1160 ellipsi
822 1097 889 1142 vere
915 1098 952 1142 oe
967 1077 1064 1161 pleae
1086 1077 1209 1155 cliqoad
1234 1078 1380 1142 emtarum
1403 1079 1454 1162 eil,

283 1184 316 1248 ia
338 1183 533 1266 brachylopia
555 1188 657 1248 auam
679 1185 774 1268 specie
797 1185 945 1250 orclanum
966 1185 1020 1261 sit,
1046 1204 1151 1267 reapse
1174 1184 1301 1248 aanor
1328 1185 1454 1251 dictrcm.

282 1289 367 1354 Dein
385 1289 518 1375 exponit
532 1290 654 1355 multas
674 1313 745 1356 esse
765 1290 861 1356 huius
876 1289 1108 1375 brachylogiae
1121 1289 1243 1375 species
1264 1313 1301 1355 ao
1315 1291 1454 1377 formas,

282 1419 418 1482 quarum
433 1419 531 1462 unam
551 1420 570 1462 a
589 1397 783 1482 quibusdam
796 1396 1018 1484 grammaticis
1029 1394 1076 1484 (l)
1090 1396 1246 1482 peculiari
1265 1419 1302 1462 ac
1320 1397 1453 1483 proprio

279 1503 507 1588 βραχυλογίας
537 1504 667 1570 nomine
701 1526 771 1570 esse
801 1503 1080 1589 comprehensam,
1112 1525 1184 1569 eam
1221 1503 1359 1590 scilicet,
1386 1527 1453 1589 qua

282 1633 321 1675 ex
352 1633 417 1675 uno
433 1610 608 1685 ‚vocabulo
642 1611 781 1677 alterum
810 1612 861 1676 vel
888 1609 997 1676 radice
1025 1613 1200 1696 cognatum
1231 1609 1282 1674 vel
1317 1611 1452 1676 notione

281 1717 486 1782 coniunctum
510 1719 724 1783 mutuandum
748 1740 785 1782 ac
808 1718 1019 1803 repetendum
1042 1714 1272 1783 sit—Altero
1296 1716 1368 1781 loco
1386 1717 1453 1782 trie

282 1843 401 1909 genera
420 1823 587 1889 discernit:
610 1824 765 1910 primum,
788 1846 861 1890 cnm
881 1823 1075 1890 vocabulum
1094 1822 1227 1908 aliquod
1246 1823 1347 1888 semel
1364 1823 1452 1908 posi·
1520 1857 1523 1862 >

279 1934 351 1995 tum
378 1930 429 1995 bis
457 1930 501 1995 sib
529 1930 752 2017 cogitandum,
786 1931 942 2016 alterum,
970 1952 1043 1996 cum
1074 1931 1109 1995 in
1143 1929 1301 1995 vocabulo
1339 1930 1452 2015 aliquo

281 2036 388 2101 simile
411 2036 605 2102 vocabulum
629 2037 741 2104 eadem
765 2037 870 2103 radice
895 2040 1002 2103 ortum
1025 2038 1142 2122 lateat,
1164 2036 1212 2101 ita
1235 2041 1272 2101 ut
1295 2058 1388 2102 casus
1411 2060 1451 2102 ex

281 2165 371 2229 casn,
399 2143 514 2209 modus
539 2167 577 2209 ex
600 2145 712 2231 modo,
738 2166 857 2209 nomen
880 2167 919 2209 ex
943 2145 1041 2210 verbo
1067 2147 1100 2209 ot
1126 2143 1284 2228 vicissim,
1313 2143 1452 2228 denique

280 2243 425 2335 ὁμογενῆ
454 2249 487 2326 ἐξ
515 2244 688 2335 ὁμογενῶν
711 2250 891 2316 mutuanda
915 2251 980 2316 sint
1008 2250 1049 2315 ad
1078 2249 1292 2334 supplendam
1323 2253 1451 2316 senten-

278 2357 359 2422 tiam
384 2353 560 2444 (simplicia
584 2381 621 2422 ex
646 2357 849 2443 compositis,
872 2357 1053 2441 composita
1073 2379 1112 2421 ex
1135 2355 1340 2442 compositis,
1364 2356 1451 2422 sim:

281 2464 381 2531 cill.
396 2487 427 2548 p.
445 2461 517 2551 40);
540 2464 675 2530 tertium
695 2463 846 2549 denique,
869 2485 942 2528 cnm
962 2462 1124 2528 contraria
1142 2462 1293 2528 vocabuli
1313 2462 1451 2528 alicuius

281 2571 421 2655 proximi
447 2570 539 2635 noti0
568 2570 768 2654 cogitatione
801 2568 947 2634 addenda
979 2569 1032 2634 sit.
1061 2605 1102 2616 —
1131 2567 1250 2654 Raph.
1277 2569 1452 2655 Kiihner,

195 2752 198 2757 ,
279 2676 444 2757 Aestuat.
455 2674 654 2741 Grammotr'lr
671 2677 725 2741 der
739 2677 841 2742 toleta
859 2675 929 2759 Spr.
947 2674 1011 2741 vol.
1024 2674 1058 2740 Il
1067 2698 1098 2760 p.
1116 2675 1201 2741 1042
1220 2675 1452 2761 brachylogiae

279 2781 455 2848 terminum
477 2781 609 2866 proprie
631 2781 731 2848 refert
754 2781 794 2847 ad
817 2782 1012 2848 brevitatem
1036 2803 1118 2867 quae
1145 2781 1184 2846 fit
1210 2781 1245 2847 in
1272 2782 1451 2847 enuntiatis

280 2887 524 2974 contrahendis,
556 2909 706 2974 expresse
737 2892 864 2970 remota
898 2889 1102 2974 singulorum
1134 2887 1307 2964 verborum
1341 2888 1451 2974 ellipsi

281 2994 334 3080 (cf.
344 3017 373 3079 p.
387 2996 471 3060 1039
483 2999 517 3061 et
528 2991 638 3083 1042).
648 3032 690 3043 —
701 2994 764 3061 Sed
778 3017 882 3080 neque
892 2993 1087 3060 Doederlein
1100 3017 1204 3080 neque
1213 2993 1349 3060 Kuhner
1363 2998 1451 3062 recte

281 3102 386 3188 egisse
405 3101 499 3169 nobis
519 3101 682 3188 videntur,
707 3103 793 3188 quod
816 3086 991 3167 terminum
1015 3101 1247 3188 brachylogiae
1266 3101 1307 3166 ad
1325 3105 1451 3168 eertum

280 3207 422 3273 breviter
445 3207 571 3274 dicendi
597 3229 699 3294 genus
723 3208 885 3294 pertinere
908 3208 1095 3294 voluerunt3
1128 3212 1187 3274 est
1216 3208 1316 3274 enim
1343 3208 1380 3274 vi
1409 3230 1452 3274 ac

279 3318 419 3380 natura
441 3317 519 3380 tam
543 3315 670 3399 ampla
698 3318 735 3379 et
762 3314 882 3402 fluxa,
911 3320 954 3382 ut
981 3316 1105 3381 solum
1136 3313 1181 3380 ad
1212 3317 1334 3380 totam
1363 3315 1451 3380 bre·

280 3422 381 3488 viter
410 3421 562 3487 dicendi
590 3420 781 3487 rationem
818 3421 921 3489 iuste
955 3421 1093 3488 reterri
1126 3421 1262 3506 possit.
1313 3421 1450 3488 IIrrores

280 3531 391 3594 autom
413 3528 548 3616 gignere
573 3527 682 3614 debet,
706 3551 778 3594 cum
800 3529 928 3594 notioni
951 3529 1121 3616 angustior
1144 3549 1257 3593 sensus
1282 3527 1452 3614 subicitur,

280 3657 378 3720 quarn
402 3636 431 3701 ei
455 3635 657 3722 etymologia
678 3641 712 3702 et
734 3636 965 3703 consuetudine
988 3635 1154 3702 tribuitur.
1367 3627 1373 3644 ‘

676 3905 721 3981 Il.
748 3905 802 3980 De
831 3905 1055 4000 aposiopesi.

368 4061 721 4149 Veraesthaecfigura,
734 4085 816 4147 quae
826 4063 864 4128 fit
874 4085 942 4148 per
959 4061 1257 4129 detractionem:
1269 4061 1451 4139 etQuintil.

279 4167 326 4233 IX
346 4170 380 4255 3,
399 4169 441 4235 58
459 4189 525 4255 seq.
543 4168 763 4235 Phoebammo
781 4167 845 4256 (ap.
860 4169 963 4235 Walz.
983 4169 1065 4236 VIII
1083 4194 1114 4255 p.
1133 4167 1212 4254 505,
1231 4166 1451 4270 ap3Spengel.

279 4273 328 4340 HI
348 4275 405 4361 50,
429 4276 449 4341 8
469 4273 550 4363 seq.)
572 4277 631 4361 τῆς
654 4274 783 4354 ἐνδείας
806 4275 904 4342 ἐστίν.
927 4313 963 4352 ε
985 4275 1229 4342 Praemittenda
1257 4279 1334 4340 sunt
1356 4274 1452 4340 haec:

343 4395 348 4402 ·
367 4380 557 4469 Rutilius,
580 4384 600 4450 l.
619 4383 639 4448 1.
659 4407 689 4468 p.
708 4384 749 4450 18
768 4385 789 4464 ξ
809 4384 848 4448 11
877 4383 1054 4450 terminum
1081 4377 1335 4467 caesareanas
1360 4381 1452 4446 hisce

279 4486 388 4554 verbis
407 4487 530 4556 definit:
