3158 5226
585 435 825 500 -123-

114 597 146 657 in
162 595 253 678 illes,
273 615 315 658 an
334 594 385 658 sil
406 594 527 675 aliquid
544 596 578 658 ia
596 597 710 659 uostris
728 592 889 661 consiliis?
909 600 941 660 et
956 618 985 680 q.
996 619 1037 680 s.;
1055 619 1132 661 nem
1152 598 1206 662 sit
1225 598 1291 662 elie

114 700 357 785 significatione
391 700 431 765 ud
464 701 658 785 membrum,
690 701 723 764 in
757 724 820 784 quo
851 702 996 787 positum
1026 708 1089 788 est,
1122 726 1218 788 quem
1249 704 1290 768 ad

114 813 223 872 cetere
246 806 453 872 referendum
476 812 534 871 est.
572 807 644 872 Hoe
666 829 743 873 vero
767 809 897 874 eederet
918 808 953 873 in
976 809 1010 873 id
1029 810 1155 875 dicendi
1179 832 1291 896 genus,

113 914 201 998 quod
221 934 322 997 supra
340 933 478 998 zeugma
492 914 681 999 plerumque
695 915 805 979 voeari
822 915 999 1001 doeuimm,
1016 916 1081 980 nisi
1100 921 1291 1002 praestaret,

7 1039 8 1108 ξ
113 1021 327 1086 amissionem
357 1020 554 1085 ooniunetivi
585 1024 636 1084 sit
671 1021 862 1105 intellegere
894 1020 947 1106 (of.
961 1020 1060 1107 Nipp.
1076 1023 1116 1087 ed
1138 1024 1198 1088 Ani
1216 1024 1232 1088 I
1249 1021 1291 1110 7).

205 1128 236 1192 2.
255 1126 441 1210 asyndetiee
461 1127 632 1192 coniuncta
652 1131 728 1191 sunt
747 1127 876 1212 singule
900 1129 1057 1193 membre:
1079 1128 1138 1194 An.
1147 1129 1229 1194 XIII
1238 1130 1291 1212 46,

7 1251 8 1284 ³
111 1235 219 1299 4-6:
243 1254 331 1315 saepe
353 1235 480 1298 auditas
498 1239 542 1299 est
562 1253 746 1317 consarpens
766 1255 781 1297 e
803 1236 939 1299 conoioio
954 1234 1105 1320 Caesaris,
1123 1237 1289 1316 sequidem

112 1345 158 1407 ire
176 1343 223 1406 ad
235 1341 335 1425 illam,
353 1340 413 1405 sibi
426 1360 594 1405 concessam
613 1341 811 1405 clamitans
828 1341 1016 1406 nobilitatem
1028 1341 1291 1424 palchritudinem

110 1455 184 1514 eota
198 1448 340 1512 manium
354 1451 382 1510 et
392 1447 511 1528 paedia
522 1448 669 1527 felicium.
692 1446 816 1513 Similis
832 1452 883 1513 est
892 1449 982 1513 loeus
991 1473 998 1514 :
1008 1447 1131 1533 ΗΙ41,
1140 1450 1291 1513 12-14:

110 1559 147 1621 de
178 1574 362 1638 permissere
397 1573 459 1617 nan
495 1556 573 1618 sutis
604 1559 736 1630 constat;
774 1555 901 1637 auidam
926 1556 1101 1619 Terentiam
1130 1561 1292 1640 euocatum,

109 1661 382 1744 dithronium,
414 1660 546 1725 erebrior
571 1661 662 1740 sarna
689 1662 852 1726 tradidit
874 1661 1057 1726 Camurium
1089 1663 1214 1744 quintae
1245 1665 1292 1726 de

109 1789 224 1835 mimae
255 1768 382 1850 numnis
410 1764 540 1830 militem
569 1768 715 1850 impresso
741 1768 846 1849 plodio
875 1769 1015 1851 inpalum
1049 1771 1114 1833 eius
1146 1769 1292 1834 teruisse.

112 1875 306 1942 Cavendum
330 1877 381 1938 est
404 1895 444 1937 ne
466 1873 529 1938 hoe
559 1873 629 1939 loco
660 1879 840 1946 commotus
865 1874 1024 1958 quisbue
1053 1876 1174 1940 referat
1203 1874 1291 1940 locos

111 1989 149 2048 ut
164 1982 211 2048 Η.
228 1979 257 2046 V
273 1982 307 2065 2,
323 1979 453 2064 7-153
482 1979 543 2045 An.
557 1979 574 2044 I
589 1981 647 2065 80,
666 1980 687 2046 5
702 1977 756 2066 (ef.
770 2004 801 2065 p.
817 1981 881 2045 104
905 1984 938 2046 et
964 1978 1057 2067 103)3
1089 1983 1124 2047 in
1156 1983 1292 2046 eundem

112 2091 205 2155 enim
231 2109 372 2151 errorem
396 2086 566 2172 inuideret,
589 2109 684 2172 quem
709 2088 794 2172 apud
818 2087 1055 2172 Nipperdeium
1078 2088 1113 2153 in
1140 2089 1210 2153 loeo
1231 2089 1291 2153 An.

111 2198 145 2262 Π
161 2197 224 2279 60,
239 2195 335 2259 6-8
360 2193 550 2278 explicando
574 2193 800 2259 denotavimus
824 2191 878 2280 (of.
892 2218 922 2278 p.
938 2196 1026 2280 122).

7 2377 8 2380 Ἴ
208 2301 325 2366 Restat
351 2304 389 2364 ut
408 2301 455 2394 *de
479 2322 544 2364 uno
572 2301 643 2364 loeo
671 2323 691 2364 a
719 2300 798 2365 viris
827 2301 931 2365 doetis
955 2300 1066 2385 (Nipp.
1083 2300 1188 2366 Wieh.
1203 2325 1233 2385 p.
1250 2302 1291 2364 10

7 2415 8 2442 ff
112 2405 251 2495 Dreeg.)
266 2408 330 2472 hue
348 2406 450 2471 relato
466 2406 670 2472 disseremus.
698 2406 834 2490 Legitur
853 2407 938 2472 enim
953 2407 1103 2472 AnXIII
1114 2407 1164 2491 15,
1178 2407 1245 2470 6-
1257 2408 1292 2472 i:

7 2599 8 2610 p
110 2519 215 2600 ipitm
231 2516 335 2579 ceteris
352 2515 472 2580 diuersa
489 2533 543 2578 aee
559 2514 699 2578 narborem
716 2514 878 2580 adlatura:
895 2514 948 2578 ubi
959 2514 1148 2579 Britannico
1166 2515 1292 2597 iussit,

7 2643 8 2662 ¹
109 2626 291 2704 excerperet
306 2641 543 2703 propressusque
565 2622 600 2685 in
624 2622 758 2685 medium
784 2625 910 2686 cantum
938 2623 1072 2704 aliquem
1094 2621 1293 2706 iamperet..,

111 2732 166 2795 ille
198 2733 372 2794 constanter
397 2747 523 2792 exorsus
545 2732 589 2792 est
615 2748 738 2792 carmen
761 2731 795 2792 et
809 2750 839 2812 q.
854 2749 878 2792 s.
924 2727 998 2793 Une
1026 2727 1221 2810 gravissime
1255 2732 1293 2792 ut

111 2837 249 2901 videtur
272 2856 369 2898 eausa
392 2839 540 2898 vetamur
559 2834 693 2898 verbum
716 2834 836 2898 iussit
855 2856 913 2918 per
931 2835 1069 2920 figurem
1087 2827 1153 2897 ἀπὸ
1172 2835 1293 2898 κοινοῦ
1332 2905 1338 2909 ,

115 2945 159 3008 ed
198 2941 423 3007 antecedentis
452 2941 586 3005 referre:
622 2941 748 3005 nullum
787 2941 873 3006 enim
905 2940 1069 3006 invenitur
1101 2940 1294 3026 exemplum,

111 3072 182 3134 quo
209 3049 365 3133 probetur
387 3047 453 3111 tale
477 3047 554 3131 quid
577 3049 647 3113 fieri
669 3047 829 3132 potuisse,
852 3047 910 3113 ubi
928 3047 1060 3132 singule
1080 3068 1146 3111 non
1170 3046 1294 3111 soordi·

110 3161 212 3241 nata,
243 3154 300 3219 sed
329 3155 378 3218 ite
407 3155 578 3218 coniuncta
608 3157 699 3239 sunt,
728 3158 767 3218 ut
798 3153 839 3218 ad
870 3153 1073 3219 enuntiatum
1102 3154 1293 3238 primarium

110 3264 257 3328 verbum
284 3283 453 3326 eommune
483 3282 521 3325 ex
550 3261 717 3326 enuntiato
749 3260 937 3326 secundario
968 3263 1143 3345 repetetur.
1188 3260 1292 3325 Locus

111 3376 231 3435 autem
256 3369 311 3454 qui
334 3369 368 3433 in
392 3368 548 3432 auxilium
571 3369 681 3432 vooeri
712 3368 809 3452 solet,
836 3368 932 3452 plene
961 3390 1027 3432 non
1058 3366 1208 3452 quadrat:
1232 3366 1293 3431 An.

109 3477 165 3542 ΙΠ
183 3475 243 3561 66,
256 3476 290 3539 6:
312 3475 460 3540 Marum
482 3476 589 3539 miride
607 3475 781 3558 Aprr'ppam
803 3476 919 3538 sociam
942 3475 1007 3539 eins
1033 3475 1205 3556 potestatis,
1234 3495 1293 3554 quo

109 3584 261 3664 desumo
277 3582 434 3646 Tiberium
448 3582 601 3646 Neronem
623 3581 768 3664 delepit,
790 3602 829 3644 ne
850 3601 999 3646 successor
1017 3582 1052 3645 in
1069 3581 1183 3644 incerto
1199 3582 1294 3660 foret:

109 3690 218 3754 huius
243 3689 329 3752 enim
352 3687 478 3773 periodi
506 3688 651 3752 membra
678 3687 870 3772 pronomine
894 3709 967 3772 quo
990 3687 1010 3751 i.
1025 3710 1051 3753 e.
1075 3690 1113 3751 et
1137 3709 1179 3752 eo
1203 3709 1292 3752 eaor-

111 3796 235 3861 dinate
258 3795 344 3859 inter
367 3816 401 3858 ee
420 3815 492 3859 esse
510 3794 576 3858 iam
596 3815 695 3877 supra
712 3817 743 3879 p.
758 3794 820 3858 117
841 3793 1142 3859 demonstravimus.
1179 3794 1294 3878 Itaque

110 3903 229 3967 loeum
252 3904 400 3966 nostrum
424 3901 607 3985 exemplum
631 3901 875 3965 essevolumus
900 3900 970 3965 eius
999 3900 1127 3965 dicendi
1158 3901 1295 3984 geuene,

110 4031 185 4093 quo
209 4008 345 4073 verbum
367 4008 497 4072 finitum
521 4007 631 4072 omitti
653 4011 764 4099 potest
785 4007 820 4071 in
847 4007 1017 4073 enuntiato
1047 4007 1200 4091 quopiam
1228 4007 1292 4090 pri-

109 4115 242 4199 mario,
264 4114 293 4178 si
315 4114 401 4179 idem
424 4114 560 4179 verbum
583 4114 728 4199 positum
751 4119 802 4178 est
824 4114 860 4178 in
882 4114 1052 4179 enuntiato
1076 4113 1294 4198 subsequente

108 4221 313 4288 secundario
337 4219 391 4306 (ef.
405 4245 436 4306 p.
455 4221 515 4286 103
531 4217 580 4306 a),
604 4220 703 4287 etiem
723 4221 751 4284 si
771 4221 810 4286 ed
830 4221 929 4286 elium
952 4221 1094 4306 pertinet
1117 4220 1293 4304 periodum.
