3158 5226
579 523 619 534 -
668 458 730 552 12'9
780 522 819 534 ..

113 673 155 716 an
179 656 220 714 at
237 651 480 733 nmanitudmem
499 650 731 733 inmaatoriam
745 650 833 714 mede
849 649 1021 732 instipatum
1038 650 1175 714 virorum
1193 653 1284 733 quasi

5 815 6 820 ,
112 759 191 841 rapio
213 757 352 837 facinore
374 761 544 823 ostentaret.
556 793 592 802 -
606 754 769 821 Audacius
789 756 896 820 locum
915 756 1055 820 membri
1068 756 1157 822 illius
1177 757 1282 843 priore

5 865 6 880 ¹
112 867 182 930 loco
206 863 390 950 positioni
414 862 569 928 adnexuit
591 862 795 927 enuntiatum
814 862 910 927 finale
929 862 1100 947 particulis
1124 886 1211 950 que,
1234 868 1284 954 et,

5 1007 6 1020 κ
113 995 166 1057 ac,
189 971 286 1057 sive,
308 994 368 1057 au,
391 972 441 1046 al„
462 974 628 1035 tenentem
641 968 720 1034 fecit
740 975 806 1034 aut
829 969 1051 1035 ablativum
1075 971 1284 1054 causalem,

113 1084 148 1144 ut
164 1078 206 1143 H.
220 1079 237 1144 I
253 1081 281 1164 7,
293 1079 314 1144 6
328 1101 410 1163 seq.:
430 1078 517 1158 fuere
539 1078 593 1159 qui
610 1077 763 1142 crederent
777 1075 964 1141 ...Galbam
992 1078 1205 1143 mobilitate
1227 1081 1284 1143 in-

4 1183 5 1186 ’
110 1187 211 1268 ponii
234 1207 281 1250 an
303 1185 462 1250 noaldus
484 1188 686 1267 scrutaretur,
713 1205 831 1266 quoquo
854 1185 942 1248 modo
964 1189 1046 1268 acm,
1068 1186 1144 1267 auia
1167 1188 1285 1250 mutari

112 1314 173 1358 non
192 1297 346 1376 poteram,
369 1291 593 1374 comprobasse;
617 1326 658 1336 —-
682 1295 748 1354 aut
771 1290 988 1357 dictionem
1016 1293 1284 1376 praepositio·

112 1399 239 1464 nalem
262 1398 477 1465 causaliter
500 1396 562 1463 vel
585 1396 767 1462 finaliter
789 1398 971 1484 positam,
994 1402 1047 1462 ut:
1071 1397 1167 1463 H.IV
1179 1399 1231 1485 50,
1242 1400 1284 1465 15

111 1529 192 1592 saq.:
222 1507 391 1588 militesque
419 1511 447 1570 et
475 1506 664 1570 centuriones
692 1505 840 1586 quosdam
870 1505 990 1587 puniit,
1022 1505 1102 1570 alios
1131 1508 1285 1589 praemiis

110 1613 240 1695 adfecit:
261 1618 404 1678 acutam
426 1634 464 1678 ea
486 1614 628 1694 merito,
657 1612 720 1676 sed
746 1611 789 1676 ut
810 1612 989 1694 obpressrme
1017 1612 1127 1677 bellarm
1156 1615 1284 1679 aedere-

110 1726 179 1797 tar‚·
203 1757 243 1768 -
268 1718 578 1803 sn.1162‚1seq.:
609 1720 683 1784 dum
710 1739 747 1782 ea
774 1723 874 1783 aestas
893 1717 1077 1784 Germanico
1097 1721 1206 1802 plures
1228 1743 1285 1804 per
1368 1799 1373 1818 ¹

103 1827 285 1911 morineias
308 1827 505 1911 bammum,
527 1826 612 1891 baud
635 1825 694 1890 une
716 1825 804 1890 deam
822 1823 949 1890 Drusus
971 1827 1122 1908 quaesiuit
1141 1828 1285 1893 inliciens

110 1933 284 1999 Gerasenos
311 1934 362 1998 ad
389 1934 602 1998 discordias
628 1937 738 2014 utque
763 1933 863 2012 fracto
891 1933 956 1996 iani
974 1933 1167 1999 Maroboduo
1192 1955 1285 2016 usque

110 2043 143 2106 in
165 2041 300 2106 enitium'
318 2041 510 2105 insisteretur
533 2037 566 2126 (i.
580 2061 606 2105 e.
621 2038 768 2104 inliciens
794 2039 981 2124 Germanos,
1004 2046 1042 2104 ut
1065 2039 1286 2107 discordarent

110 2153 210 2232 utque
235 2146 436 2212 Maroboduo
452 2197 476 2212 ..
491 2144 723 2232 insisteretur).
768 2145 815 2212 Ut
842 2146 905 2210 hoc
931 2146 1004 2211 loco
1032 2149 1283 2233 praepositionis

109 2254 154 2318 ad
186 2254 320 2338 propria
350 2253 546 2340 significatio
573 2253 702 2339 localis,
736 2275 800 2337 qua
829 2251 1035 2333 describitur,
1066 2277 1130 2339 quo
1161 2255 1283 2340 aliquid

108 2360 267 2445 flectitur,
295 2359 377 2425 abiit
404 2361 439 2425 iu
466 2361 533 2426 vim
560 2361 691 2426 finalem
718 2362 766 2425 ita
797 2359 861 2424 alio
890 2359 962 2424 loco
995 2382 1126 2426 sensum
1152 2362 1283 2428 finalem

108 2467 174 2532 sibi
210 2467 319 2533 induit
355 2467 455 2532 dictio
491 2467 732 2554 praepositione
778 2467 962 2531 adversus
1003 2469 1196 2553 composita,
1236 2469 1284 2533 ita

108 2573 252 2660 quidem,
274 2579 311 2639 ut
335 2575 365 2640 ei
388 2574 577 2640 coordinare
600 2574 712 2640 liceret
736 2573 940 2639 enuntiatum
964 2575 1074 2639 finale:
1097 2573 1139 2640 H.
1152 2575 1283 2661 1134‚3

107 2703 188 2766 seq.:
218 2683 313 2764 quieti
338 2683 506 2766 iunctione
526 2681 659 2748 Caecina
679 2701 717 2745 oc
735 2681 862 2764 Valens,
891 2683 1014 2762 quaudo
1043 2681 1137 2747 bostis
1164 2684 1282 2766 impru-

105 2790 213 2853 dentia
235 2794 344 2873 rueret,
366 2791 448 2872 quod
470 2789 531 2854 loco
554 2789 724 2871 sapientiae
741 2793 792 2872 est,
815 2788 952 2851 alienam
969 2788 1134 2854 stultitiam
1151 2792 1282 2873 opperie-

105 2897 234 2979 bantur,
262 2895 402 2961 inchoato
422 2901 517 2980 ponte
539 2896 707 2961 transitum
736 2895 916 2960 simulantes
939 2896 1118 2960 adversus
1140 2896 1282 2978 obposi-

105 3008 184 3066 tam
202 3003 458 3085 pladiatorum
486 3023 632 3068 manum
660 3023 701 3066 ac
723 3023 766 3066 ue
787 3003 926 3085 ipsorum
955 3001 1042 3067 mibs
1070 3022 1157 3085 scone
1185 3004 1284 3068 otium

104 3115 216 3173 tereret
237 3106 273 3195 (i.
289 3131 316 3174 e.
329 3131 410 3194 pons
441 3109 498 3174 ille
528 3108 699 3174 inchoatus
729 3131 830 3194 eaque
859 3131 893 3174 re
922 3108 1080 3174 transitus
1109 3109 1283 3176 simulatus

103 3221 175 3300 eat,
199 3220 232 3281 et
254 3220 292 3280 ut
315 3216 468 3301 opposita
496 3237 612 3280 manus
644 3215 737 3300 quasi
768 3215 1002 3280 sollicitaretur
1029 3215 1133 3301 adque
1163 3217 1283 3302 impru-

102 3322 255 3387 dentiam
278 3322 486 3406 pelliceretur
510 3326 543 3387 et
572 3326 610 3386 ut
639 3321 786 3406 ipsorum
817 3321 911 3387 miles
943 3327 1018 3406 apte
1049 3322 1283 3410 occuparetur).

102 3428 269 3494 Similiter
291 3452 364 3494 cum
389 3429 545 3514 dictione,
568 3431 651 3512 quae
674 3429 787 3493 eadem
811 3429 1051 3513 praepositione
1081 3429 1282 3495 conformata

100 3539 170 3622 est,
191 3534 323 3601 Tacitus
359 3535 563 3602 enuntiatum
593 3535 689 3600 finale
725 3535 939 3600 commutavit
962 3534 1281 3622 An.1157,4seq.:

100 3641 203 3726 Oyrri
225 3643 346 3708 donum
368 3643 600 3727 miminiano
629 3643 770 3707 decamm
801 3643 927 3725 bannis
956 3663 1128 3728 conuenere,
1157 3643 1281 3724 firmato

98 3750 203 3834 molto,
226 3749 300 3815 Piso
323 3752 499 3816 aduersus
521 3754 665 3831 metum,
689 3749 906 3844 annonam,
936 3771 978 3815 ne
1000 3751 1141 3815 minari
1163 3752 1281 3816 crede-

97 3861 213 3922 retur
244 3854 280 3943 (i.
294 3879 321 3921 e.
336 3858 446 3923 vultus
478 3858 700 3942 firmaverant,
730 3855 822 3941 Piso,
858 3877 898 3921 ne
932 3861 1055 3922 metum
1087 3857 1281 3943 ostenderet,

99 3963 337 4051 Germanicus,
371 3964 558 4044 naminari
589 3960 797 4049 crederetur).
842 3963 971 4029 Heraea
1001 3963 1104 4050 igitur
1132 3986 1198 4028 uon
1228 3965 1281 4028 ad-

96 4070 232 4136 sentior
253 4071 484 4156 interpretanti
506 4070 655 4136 Tacitum
686 4071 811 4136 variata
835 4074 998 4136 structura
1025 4070 1198 4156 participio
1229 4071 1279 4135 si·

95 4178 281 4243 mulante
300 4178 522 4243 senuntiatum
533 4179 630 4243 finale
643 4183 844 4243 ue...tereret
852 4176 1013 4263 particula
1026 4199 1068 4242 ac
1082 4177 1281 4263 adiunxisse3
1412 4175 1414 4180 ’

94 4307 182 4349 nam
207 4283 264 4348 ubi
287 4285 353 4349 talc
377 4285 453 4369 quid
477 4285 548 4349 fieri
561 4285 618 4349 ille
636 4285 750 4370 voluit,
773 4285 946 4382 participio
966 4285 1146 4370 praesentis
1165 4284 1282 4349 tribuit

92 4391 174 4456 vim
188 4391 353 4456 causalem
369 4388 459 4478 (etp.
470 4389 556 4477 130),
574 4392 622 4456 ita
636 4397 673 4457 ut
688 4391 821 4458 dissolvi
835 4397 948 4477 posset
961 4389 1130 4456 enuntiato
1146 4391 1281 4476 causali3

92 4520 221 4564 sensus
251 4503 361 4570 autem
391 4520 457 4563 non
486 4501 602 4583 staret,
639 4499 667 4563 si
700 4499 858 4583 scriptum
895 4503 982 4563 esset
1013 4498 1153 4563 inchoato
1179 4503 1282 4582 ponte,

160 4621 274 4672 Oleum,
288 4621 317 4661 do
331 4622 516 4670 breviloquentia
531 4622 631 4661 Tacitae.
1052 4608 1067 4656 9
