<?xml version="1.0" encoding="UTF-8"?>
<!DOCTYPE html PUBLIC "-//W3C//DTD XHTML 1.0 Transitional//EN"
    "http://www.w3.org/TR/xhtml1/DTD/xhtml1-transitional.dtd">
<html xmlns="http://www.w3.org/1999/xhtml" xml:lang="en" lang="en">
 <head>
  <title>
</title>
<meta http-equiv="Content-Type" content="text/html;charset=utf-8" />
  <meta name='ocr-system' content='tesseract 3.04.00' />
  <meta name='ocr-capabilities' content='ocr_page ocr_carea ocr_par ocr_line ocrx_word'/>
</head>
<body>
  <div class='ocr_page' id='page_1' title='image "./debreviloquenti01clemgoog_0075.png"; bbox 0 0 3152 5222; ppageno 0'>
   <div class='ocr_carea' id='block_1_1' title="bbox 782 471 1004 533">
    <p class='ocr_par' dir='ltr' id='par_1_1' title="bbox 782 471 1004 533">
     <span class='ocr_line' id='line_1_1' title="bbox 782 471 1004 533; baseline 0 -17"><span class='ocrx_word' id='word_1_1' title='bbox 782 471 1004 533; x_wconf 66' lang='grc'><strong>,66-</strong></span> 
     </span>
    </p>
   </div>
   <div class='ocr_carea' id='block_1_2' title="bbox 302 627 1485 1252">
    <p class='ocr_par' dir='ltr' id='par_1_2' title="bbox 302 627 1485 1252">
     <span class='ocr_line' id='line_1_2' title="bbox 309 627 1484 715; baseline -0.006 -15"><span class='ocrx_word' id='word_1_2' title='bbox 309 635 422 700; x_wconf 81' lang='lat' dir='ltr'><strong>andere</strong></span> <span class='ocrx_word' id='word_1_3' title='bbox 438 633 541 698; x_wconf 70' lang='lat' dir='ltr'><strong>werre</strong></span> <span class='ocrx_word' id='word_1_4' title='bbox 558 629 765 711; x_wconf 67' lang='lat' dir='ltr'><strong>amfdhrend:</strong></span> <span class='ocrx_word' id='word_1_5' title='bbox 784 649 868 712; x_wconf 72' lang='lat' dir='ltr'><strong>„nere</strong></span> <span class='ocrx_word' id='word_1_6' title='bbox 885 633 1012 694; x_wconf 76' lang='lat' dir='ltr'><strong>mortem</strong></span> <span class='ocrx_word' id='word_1_7' title='bbox 1028 631 1065 693; x_wconf 69' lang='lat' dir='ltr'><strong>iu</strong></span> <span class='ocrx_word' id='word_1_8' title='bbox 1077 629 1174 694; x_wconf 71' lang='lat' dir='ltr'><strong>aden</strong></span> <span class='ocrx_word' id='word_1_9' title='bbox 1188 629 1360 694; x_wconf 65' lang='lat' dir='ltr'><strong>aeonum</strong></span> <span class='ocrx_word' id='word_1_10' title='bbox 1378 627 1484 715; x_wconf 83' lang='lat' dir='ltr'><strong>(‚,emd</strong></span> 
     </span>
     <span class='ocr_line' id='line_1_3' title="bbox 302 733 1482 824; baseline -0.004 -18"><span class='ocrx_word' id='word_1_11' title='bbox 302 743 343 824; x_wconf 79' lang='lat' dir='ltr'><strong>je</strong></span> <span class='ocrx_word' id='word_1_12' title='bbox 368 741 453 806; x_wconf 72' lang='lat' dir='ltr'><strong>nida</strong></span> <span class='ocrx_word' id='word_1_13' title='bbox 478 741 537 804; x_wconf 82' lang='lat' dir='ltr'><strong>den</strong></span> <span class='ocrx_word' id='word_1_14' title='bbox 567 739 634 802; x_wconf 82' lang='lat' dir='ltr'><strong>Tod</strong></span> <span class='ocrx_word' id='word_1_15' title='bbox 659 739 695 801; x_wconf 81' lang='lat' dir='ltr'><strong>in</strong></span> <span class='ocrx_word' id='word_1_16' title='bbox 720 737 877 802; x_wconf 70' lang='lat' dir='ltr'><strong>eneam</strong></span> <span class='ocrx_word' id='word_1_17' title='bbox 899 733 1224 821; x_wconf 55' lang='lat' dir='ltr'><strong>Meibselrylteiteul‘ss,</strong></span> <span class='ocrx_word' id='word_1_18' title='bbox 1250 735 1327 800; x_wconf 74' lang='lat' dir='ltr'><strong>neele</strong></span> <span class='ocrx_word' id='word_1_19' title='bbox 1353 738 1482 802; x_wconf 80' lang='lat' dir='ltr'><em>andere:</em></span> 
     </span>
     <span class='ocr_line' id='line_1_4' title="bbox 308 841 1485 933; baseline -0.004 -21"><span class='ocrx_word' id='word_1_20' title='bbox 308 849 429 933; x_wconf 79' lang='lat' dir='ltr'><strong>„finem</strong></span> <span class='ocrx_word' id='word_1_21' title='bbox 453 851 518 910; x_wconf 78' lang='lat' dir='ltr'><strong>tem</strong></span> <span class='ocrx_word' id='word_1_22' title='bbox 539 845 686 910; x_wconf 74' lang='lat' dir='ltr'><strong><em>exercitae</em></strong></span> <span class='ocrx_word' id='word_1_23' title='bbox 707 841 882 908; x_wconf 58' lang='lat' dir='ltr'><strong>militam</strong></span> <span class='ocrx_word' id='word_1_24' title='bbox 905 844 1016 907; x_wconf 80' lang='lat' dir='ltr'><strong><em>wieder</em></strong></span> <span class='ocrx_word' id='word_1_25' title='bbox 1038 843 1165 933; x_wconf 77' lang='lat' dir='ltr'><strong>audere:</strong></span> <span class='ocrx_word' id='word_1_26' title='bbox 1188 863 1309 925; x_wconf 80' lang='lat' dir='ltr'><strong>„neque</strong></span> <span class='ocrx_word' id='word_1_27' title='bbox 1326 841 1375 923; x_wconf 85' lang='lat'><strong>(==</strong></span> <span class='ocrx_word' id='word_1_28' title='bbox 1393 844 1485 926; x_wconf 77' lang='lat' dir='ltr'><strong>„aad</strong></span> 
     </span>
     <span class='ocr_line' id='line_1_5' title="bbox 309 947 1485 1034; baseline -0.005 -14"><span class='ocrx_word' id='word_1_29' title='bbox 309 957 361 1020; x_wconf 80' lang='lat' dir='ltr'><strong>oie</strong></span> <span class='ocrx_word' id='word_1_30' title='bbox 377 955 445 1019; x_wconf 75' lang='lat' dir='ltr'><strong>uod</strong></span> <span class='ocrx_word' id='word_1_31' title='bbox 460 954 593 1016; x_wconf 82' lang='lat' dir='ltr'><strong>oimmer</strong></span> <span class='ocrx_word' id='word_1_32' title='bbox 611 949 719 1016; x_wconf 53' lang='grc' dir='ltr'><strong>ΜΝ</strong></span> <span class='ocrx_word' id='word_1_33' title='bbox 730 950 795 1034; x_wconf 68' lang='grc'><strong><em>[2])</em></strong></span> <span class='ocrx_word' id='word_1_34' title='bbox 812 951 933 1032; x_wconf 58' lang='lat' dir='ltr'><strong>inopem</strong></span> <span class='ocrx_word' id='word_1_35' title='bbox 955 947 1134 1032; x_wconf 64' lang='lat' dir='ltr'><strong>requierffl!</strong></span> <span class='ocrx_word' id='word_1_36' title='bbox 1170 949 1336 1014; x_wconf 78' lang='lat' dir='ltr'><strong>Natiirle&#39;ob</strong></span> <span class='ocrx_word' id='word_1_37' title='bbox 1354 949 1409 1014; x_wconf 77' lang='lat' dir='ltr'><strong>lat</strong></span> <span class='ocrx_word' id='word_1_38' title='bbox 1430 952 1485 1014; x_wconf 86' lang='lat' dir='ltr'><strong>der</strong></span> 
     </span>
     <span class='ocr_line' id='line_1_6' title="bbox 310 1047 1484 1139; baseline -0.004 -13"><span class='ocrx_word' id='word_1_39' title='bbox 310 1061 482 1126; x_wconf 69' lang='lat' dir='ltr'><strong>nasetur</strong></span> <span class='ocrx_word' id='word_1_40' title='bbox 512 1058 625 1124; x_wconf 80' lang='lat' dir='ltr'><strong>solebee</strong></span> <span class='ocrx_word' id='word_1_41' title='bbox 656 1047 913 1121; x_wconf 75' lang='lat' dir='ltr'><strong>Durdreine&#39;nder</strong></span> <span class='ocrx_word' id='word_1_42' title='bbox 944 1058 979 1120; x_wconf 82' lang='lat' dir='ltr'><strong>in</strong></span> <span class='ocrx_word' id='word_1_43' title='bbox 1010 1057 1075 1120; x_wconf 79' lang='lat' dir='ltr'><strong>eine</strong></span> <span class='ocrx_word' id='word_1_44' title='bbox 1106 1055 1233 1138; x_wconf 61' lang='lat' dir='ltr'><strong>laesere</strong></span> <span class='ocrx_word' id='word_1_45' title='bbox 1263 1055 1413 1139; x_wconf 73' lang='lat' dir='ltr'><strong>Orduuup</strong></span> <span class='ocrx_word' id='word_1_46' title='bbox 1445 1077 1484 1121; x_wconf 83' lang='lat' dir='ltr'><strong>ea</strong></span> 
     </span>
     <span class='ocr_line' id='line_1_7' title="bbox 310 1145 1484 1252; baseline -0.006 -19"><span class='ocrx_word' id='word_1_47' title='bbox 310 1169 446 1252; x_wconf 67' lang='lat' dir='ltr'><strong>trinum,</strong></span> <span class='ocrx_word' id='word_1_48' title='bbox 469 1167 536 1231; x_wconf 82' lang='lat' dir='ltr'><strong>und</strong></span> <span class='ocrx_word' id='word_1_49' title='bbox 556 1167 614 1230; x_wconf 83' lang='lat' dir='ltr'><strong>mit</strong></span> <span class='ocrx_word' id='word_1_50' title='bbox 639 1163 764 1229; x_wconf 78' lang='lat' dir='ltr'><strong>weldrer</strong></span> <span class='ocrx_word' id='word_1_51' title='bbox 781 1164 889 1228; x_wconf 78' lang='lat' dir='ltr'><strong>Kurrst</strong></span> <span class='ocrx_word' id='word_1_52' title='bbox 907 1163 1032 1227; x_wconf 71' lang='lat' dir='ltr'><strong>Territus</strong></span> <span class='ocrx_word' id='word_1_53' title='bbox 1045 1145 1118 1227; x_wconf 45' lang='lat' dir='ltr'><strong>&#39;dies</strong></span> <span class='ocrx_word' id='word_1_54' title='bbox 1138 1163 1344 1227; x_wconf 69' lang='lat' dir='ltr'><strong>oestanden“</strong></span> <span class='ocrx_word' id='word_1_55' title='bbox 1366 1167 1400 1228; x_wconf 87' lang='lat' dir='ltr'><strong>et</strong></span> <span class='ocrx_word' id='word_1_56' title='bbox 1413 1185 1446 1247; x_wconf 89' lang='lat' dir='ltr'><strong>q.</strong></span> <span class='ocrx_word' id='word_1_57' title='bbox 1460 1186 1484 1227; x_wconf 87' lang='lat' dir='ltr'><strong>s.</strong></span> 
     </span>
    </p>
   </div>
   <div class='ocr_carea' id='block_1_3' title="bbox 309 1286 1563 2972">
    <p class='ocr_par' dir='ltr' id='par_1_3' title="bbox 309 1286 1563 2972">
     <span class='ocr_line' id='line_1_8' title="bbox 400 1286 1485 1372; baseline -0.006 -16"><span class='ocrx_word' id='word_1_58' title='bbox 400 1289 466 1356; x_wconf 82' lang='lat' dir='ltr'><strong>Suo</strong></span> <span class='ocrx_word' id='word_1_59' title='bbox 485 1290 555 1354; x_wconf 90' lang='lat' dir='ltr'><strong>iure</strong></span> <span class='ocrx_word' id='word_1_60' title='bbox 574 1289 638 1352; x_wconf 89' lang='lat' dir='ltr'><strong>iam</strong></span> <span class='ocrx_word' id='word_1_61' title='bbox 658 1286 813 1352; x_wconf 82' lang='lat' dir='ltr'>Heinsius</span> <span class='ocrx_word' id='word_1_62' title='bbox 837 1288 944 1352; x_wconf 88' lang='lat' dir='ltr'><strong>laeum</strong></span> <span class='ocrx_word' id='word_1_63' title='bbox 963 1289 1111 1352; x_wconf 85' lang='lat' dir='ltr'><strong>nostrum</strong></span> <span class='ocrx_word' id='word_1_64' title='bbox 1130 1287 1327 1372; x_wconf 88' lang='lat' dir='ltr'><strong>mutilatum,</strong></span> <span class='ocrx_word' id='word_1_65' title='bbox 1349 1287 1485 1352; x_wconf 81' lang='lat' dir='ltr'><strong>Ernesti</strong></span> 
     </span>
     <span class='ocr_line' id='line_1_9' title="bbox 310 1393 1485 1479; baseline -0.006 -15"><span class='ocrx_word' id='word_1_66' title='bbox 310 1399 465 1464; x_wconf 87' lang='lat' dir='ltr'><strong>vitiosum</strong></span> <span class='ocrx_word' id='word_1_67' title='bbox 503 1397 710 1461; x_wconf 81' lang='lat' dir='ltr'><strong>vocaverunt.</strong></span> <span class='ocrx_word' id='word_1_68' title='bbox 769 1394 904 1459; x_wconf 78' lang='lat' dir='ltr'><strong>Ernesti</strong></span> <span class='ocrx_word' id='word_1_69' title='bbox 940 1393 1067 1458; x_wconf 86' lang='lat' dir='ltr'><strong>censuit</strong></span> <span class='ocrx_word' id='word_1_70' title='bbox 1102 1397 1159 1458; x_wconf 86' lang='lat' dir='ltr'><strong>aut</strong></span> <span class='ocrx_word' id='word_1_71' title='bbox 1200 1393 1374 1479; x_wconf 87' lang='lat' dir='ltr'><strong>legendum</strong></span> <span class='ocrx_word' id='word_1_72' title='bbox 1410 1416 1485 1458; x_wconf 90' lang='lat' dir='ltr'><strong>neu</strong></span> 
     </span>
     <span class='ocr_line' id='line_1_10' title="bbox 311 1499 1485 1570; baseline -0.004 0"><span class='ocrx_word' id='word_1_73' title='bbox 311 1506 554 1570; x_wconf 87' lang='lat' dir='ltr'><strong>morerentur</strong></span> <span class='ocrx_word' id='word_1_74' title='bbox 578 1505 635 1565; x_wconf 89' lang='lat' dir='ltr'><strong>aut</strong></span> <span class='ocrx_word' id='word_1_75' title='bbox 658 1500 841 1566; x_wconf 88' lang='lat' dir='ltr'><strong>addendum</strong></span> <span class='ocrx_word' id='word_1_76' title='bbox 870 1499 1025 1566; x_wconf 91' lang='lat' dir='ltr'><strong>obirent</strong></span> <span class='ocrx_word' id='word_1_77' title='bbox 1053 1504 1110 1565; x_wconf 89' lang='lat' dir='ltr'><strong>aut</strong></span> <span class='ocrx_word' id='word_1_78' title='bbox 1136 1523 1208 1565; x_wconf 91' lang='lat' dir='ltr'><strong>neu</strong></span> <span class='ocrx_word' id='word_1_79' title='bbox 1232 1501 1424 1566; x_wconf 84' lang='lat' dir='ltr'><strong>mutandum</strong></span> <span class='ocrx_word' id='word_1_80' title='bbox 1451 1501 1485 1565; x_wconf 93' lang='lat' dir='ltr'><strong>in</strong></span> 
     </span>
     <span class='ocr_line' id='line_1_11' title="bbox 309 1606 1485 1695; baseline -0.005 -19"><span class='ocrx_word' id='word_1_81' title='bbox 309 1631 442 1695; x_wconf 91' lang='lat' dir='ltr'><strong>neque.</strong></span> <span class='ocrx_word' id='word_1_82' title='bbox 488 1607 675 1692; x_wconf 84' lang='lat' dir='ltr'>Nipperdey</span> <span class='ocrx_word' id='word_1_83' title='bbox 699 1606 853 1672; x_wconf 90' lang='lat' dir='ltr'><strong>obirent</strong></span> <span class='ocrx_word' id='word_1_84' title='bbox 876 1607 1020 1692; x_wconf 90' lang='lat' dir='ltr'><strong>suppleri</strong></span> <span class='ocrx_word' id='word_1_85' title='bbox 1050 1607 1200 1672; x_wconf 77' lang='lat' dir='ltr'><strong>intentu</strong></span> <span class='ocrx_word' id='word_1_86' title='bbox 1229 1607 1320 1671; x_wconf 88' lang='lat' dir='ltr'><strong>iubet</strong></span> <span class='ocrx_word' id='word_1_87' title='bbox 1352 1612 1485 1672; x_wconf 88' lang='lat' dir='ltr'><strong>secutus</strong></span> 
     </span>
     <span class='ocr_line' id='line_1_12' title="bbox 310 1712 1487 1800; baseline -0.003 -19"><span class='ocrx_word' id='word_1_88' title='bbox 310 1716 509 1798; x_wconf 81' lang='lat' dir='ltr'><strong>Ernestium‚</strong></span> <span class='ocrx_word' id='word_1_89' title='bbox 534 1714 710 1800; x_wconf 82' lang='lat' dir='ltr'><strong>quietalis</strong></span> <span class='ocrx_word' id='word_1_90' title='bbox 735 1713 870 1778; x_wconf 91' lang='lat' dir='ltr'><strong>omissio</strong></span> <span class='ocrx_word' id='word_1_91' title='bbox 893 1714 1017 1778; x_wconf 89' lang='lat' dir='ltr'><strong>iustum</strong></span> <span class='ocrx_word' id='word_1_92' title='bbox 1040 1713 1171 1777; x_wconf 90' lang='lat' dir='ltr'><strong>modum</strong></span> <span class='ocrx_word' id='word_1_93' title='bbox 1196 1713 1337 1779; x_wconf 83' lang='lat' dir='ltr'><strong>excedat.</strong></span> <span class='ocrx_word' id='word_1_94' title='bbox 1374 1712 1487 1798; x_wconf 82' lang='lat' dir='ltr'><strong>Reate,</strong></span> 
     </span>
     <span class='ocr_line' id='line_1_13' title="bbox 311 1819 1486 1906; baseline -0.005 -18"><span class='ocrx_word' id='word_1_95' title='bbox 311 1829 348 1888; x_wconf 88' lang='lat' dir='ltr'><strong>ut</strong></span> <span class='ocrx_word' id='word_1_96' title='bbox 370 1821 452 1888; x_wconf 92' lang='lat' dir='ltr'><strong>mihi</strong></span> <span class='ocrx_word' id='word_1_97' title='bbox 475 1821 617 1906; x_wconf 81' lang='lat' dir='ltr'><strong>videtur3</strong></span> <span class='ocrx_word' id='word_1_98' title='bbox 661 1842 737 1884; x_wconf 92' lang='lat' dir='ltr'><strong>nam</strong></span> <span class='ocrx_word' id='word_1_99' title='bbox 774 1824 811 1884; x_wconf 89' lang='lat' dir='ltr'><strong>ut</strong></span> <span class='ocrx_word' id='word_1_100' title='bbox 839 1820 1031 1904; x_wconf 83' lang='lat' dir='ltr'><strong>ambiguum</strong></span> <span class='ocrx_word' id='word_1_101' title='bbox 1059 1823 1123 1903; x_wconf 87' lang='lat' dir='ltr'><strong>est,</strong></span> <span class='ocrx_word' id='word_1_102' title='bbox 1151 1819 1228 1903; x_wconf 90' lang='lat' dir='ltr'><strong>quid</strong></span> <span class='ocrx_word' id='word_1_103' title='bbox 1257 1819 1301 1884; x_wconf 89' lang='lat' dir='ltr'><strong>sit</strong></span> <span class='ocrx_word' id='word_1_104' title='bbox 1328 1820 1486 1903; x_wconf 88' lang='lat' dir='ltr'><strong>supplen-</strong></span> 
     </span>
     <span class='ocr_line' id='line_1_14' title="bbox 311 1925 1485 2014; baseline -0.003 -21"><span class='ocrx_word' id='word_1_105' title='bbox 311 1930 398 2014; x_wconf 85' lang='lat' dir='ltr'><strong>dum,</strong></span> <span class='ocrx_word' id='word_1_106' title='bbox 417 1928 464 1992; x_wconf 82' lang='lat' dir='ltr'><strong>ite</strong></span> <span class='ocrx_word' id='word_1_107' title='bbox 477 1947 581 2012; x_wconf 87' lang='lat' dir='ltr'><strong>neque</strong></span> <span class='ocrx_word' id='word_1_108' title='bbox 600 1931 760 2010; x_wconf 87' lang='lat' dir='ltr'><strong>pararet</strong></span> <span class='ocrx_word' id='word_1_109' title='bbox 774 1948 878 2010; x_wconf 90' lang='lat' dir='ltr'><strong>neque</strong></span> <span class='ocrx_word' id='word_1_110' title='bbox 898 1927 1046 1991; x_wconf 90' lang='lat' dir='ltr'><strong>sineret</strong></span> <span class='ocrx_word' id='word_1_111' title='bbox 1059 1925 1179 1990; x_wconf 88' lang='lat' dir='ltr'><strong>bonum</strong></span> <span class='ocrx_word' id='word_1_112' title='bbox 1194 1925 1330 2010; x_wconf 77' lang='lat' dir='ltr'><strong>praebet</strong></span> <span class='ocrx_word' id='word_1_113' title='bbox 1342 1947 1485 1991; x_wconf 76' lang='lat' dir='ltr'><strong>sensum.</strong></span> 
     </span>
     <span class='ocr_line' id='line_1_15' title="bbox 310 2023 1486 2120; baseline -0.003 -20"><span class='ocrx_word' id='word_1_114' title='bbox 310 2035 505 2120; x_wconf 82' lang='lat' dir='ltr'><strong>Intellegere</strong></span> <span class='ocrx_word' id='word_1_115' title='bbox 529 2038 637 2098; x_wconf 90' lang='lat' dir='ltr'><strong>autem</strong></span> <span class='ocrx_word' id='word_1_116' title='bbox 662 2054 700 2097; x_wconf 90' lang='lat' dir='ltr'><strong>se</strong></span> <span class='ocrx_word' id='word_1_117' title='bbox 724 2034 899 2098; x_wconf 83' lang='lat' dir='ltr'><strong>invenire</strong></span> <span class='ocrx_word' id='word_1_118' title='bbox 918 2034 1064 2097; x_wconf 88' lang='lat' dir='ltr'><strong>sineret</strong></span> <span class='ocrx_word' id='word_1_119' title='bbox 1082 2054 1147 2097; x_wconf 90' lang='lat' dir='ltr'><strong>nou</strong></span> <span class='ocrx_word' id='word_1_120' title='bbox 1166 2032 1252 2118; x_wconf 81' lang='lat' dir='ltr'><strong>lieet,</strong></span> <span class='ocrx_word' id='word_1_121' title='bbox 1276 2023 1352 2117; x_wconf 80' lang='lat' dir='ltr'><strong>quia</strong></span> <span class='ocrx_word' id='word_1_122' title='bbox 1371 2032 1486 2097; x_wconf 87' lang='lat' dir='ltr'><strong>durius</strong></span> 
     </span>
     <span class='ocr_line' id='line_1_16' title="bbox 311 2139 1487 2224; baseline -0.002 -18"><span class='ocrx_word' id='word_1_123' title='bbox 311 2144 456 2206; x_wconf 86' lang='lat' dir='ltr'><strong>mutatur</strong></span> <span class='ocrx_word' id='word_1_124' title='bbox 486 2139 624 2204; x_wconf 80' lang='lat' dir='ltr'><strong>subiecti</strong></span> <span class='ocrx_word' id='word_1_125' title='bbox 653 2139 794 2205; x_wconf 88' lang='lat' dir='ltr'><strong>nominis</strong></span> <span class='ocrx_word' id='word_1_126' title='bbox 824 2161 963 2224; x_wconf 86' lang='lat' dir='ltr'><strong>persona</strong></span> <span class='ocrx_word' id='word_1_127' title='bbox 992 2139 1026 2203; x_wconf 90' lang='lat' dir='ltr'><strong>in</strong></span> <span class='ocrx_word' id='word_1_128' title='bbox 1061 2140 1207 2204; x_wconf 88' lang='lat' dir='ltr'><strong>oratione</strong></span> <span class='ocrx_word' id='word_1_129' title='bbox 1235 2139 1378 2224; x_wconf 88' lang='lat' dir='ltr'><strong>elliptiee</strong></span> <span class='ocrx_word' id='word_1_130' title='bbox 1409 2161 1487 2204; x_wconf 89' lang='lat' dir='ltr'><strong>eon-</strong></span> 
     </span>
     <span class='ocr_line' id='line_1_17' title="bbox 311 2245 1487 2332; baseline -0.001 -20"><span class='ocrx_word' id='word_1_131' title='bbox 311 2248 460 2332; x_wconf 83' lang='lat' dir='ltr'><strong>formata,</strong></span> <span class='ocrx_word' id='word_1_132' title='bbox 484 2268 583 2331; x_wconf 89' lang='lat' dir='ltr'><strong>quam</strong></span> <span class='ocrx_word' id='word_1_133' title='bbox 601 2249 638 2310; x_wconf 92' lang='lat' dir='ltr'><strong>ut</strong></span> <span class='ocrx_word' id='word_1_134' title='bbox 655 2247 733 2310; x_wconf 89' lang='lat' dir='ltr'><strong>ferri</strong></span> <span class='ocrx_word' id='word_1_135' title='bbox 751 2246 866 2330; x_wconf 85' lang='lat' dir='ltr'><strong>possit.</strong></span> <span class='ocrx_word' id='word_1_136' title='bbox 911 2245 1063 2310; x_wconf 86' lang='lat' dir='ltr'><strong>Pfitzneri</strong></span> <span class='ocrx_word' id='word_1_137' title='bbox 1082 2246 1344 2331; x_wconf 71' lang='lat' dir='ltr'><strong>interpretationi</strong></span> <span class='ocrx_word' id='word_1_138' title='bbox 1363 2247 1487 2332; x_wconf 79' lang='lat' dir='ltr'><strong>obstat,</strong></span> 
     </span>
     <span class='ocr_line' id='line_1_18' title="bbox 312 2351 1485 2440; baseline -0.002 -21"><span class='ocrx_word' id='word_1_139' title='bbox 312 2355 407 2440; x_wconf 85' lang='lat' dir='ltr'><strong>quod,</strong></span> <span class='ocrx_word' id='word_1_140' title='bbox 431 2376 503 2419; x_wconf 86' lang='lat' dir='ltr'><strong>eum</strong></span> <span class='ocrx_word' id='word_1_141' title='bbox 524 2351 700 2418; x_wconf 77' lang='lat' dir='ltr'><strong>accusativi</strong></span> <span class='ocrx_word' id='word_1_142' title='bbox 723 2353 840 2417; x_wconf 86' lang='lat' dir='ltr'><strong>finem</strong></span> <span class='ocrx_word' id='word_1_143' title='bbox 863 2353 1035 2436; x_wconf 88' lang='lat' dir='ltr'><strong>requiem</strong></span> <span class='ocrx_word' id='word_1_144' title='bbox 1058 2354 1127 2418; x_wconf 90' lang='lat' dir='ltr'><strong>sine</strong></span> <span class='ocrx_word' id='word_1_145' title='bbox 1146 2352 1244 2418; x_wconf 90' lang='lat' dir='ltr'><strong>dubio</strong></span> <span class='ocrx_word' id='word_1_146' title='bbox 1262 2354 1424 2438; x_wconf 79' lang='lat' dir='ltr'><strong>pendeant</strong></span> <span class='ocrx_word' id='word_1_147' title='bbox 1445 2377 1485 2417; x_wconf 86' lang='lat' dir='ltr'><strong>ex</strong></span> 
     </span>
     <span class='ocr_line' id='line_1_19' title="bbox 312 2457 1485 2544; baseline -0.002 -18"><span class='ocrx_word' id='word_1_148' title='bbox 312 2462 412 2526; x_wconf 86' lang='lat' dir='ltr'><strong>verbo</strong></span> <span class='ocrx_word' id='word_1_149' title='bbox 443 2460 620 2544; x_wconf 89' lang='lat' dir='ltr'><strong>orabant,</strong></span> <span class='ocrx_word' id='word_1_150' title='bbox 654 2481 691 2524; x_wconf 85' lang='lat' dir='ltr'><strong>ea</strong></span> <span class='ocrx_word' id='word_1_151' title='bbox 725 2479 807 2543; x_wconf 85' lang='lat' dir='ltr'><strong>quae</strong></span> <span class='ocrx_word' id='word_1_152' title='bbox 838 2458 1034 2524; x_wconf 85' lang='lat' dir='ltr'><strong>antecedunt</strong></span> <span class='ocrx_word' id='word_1_153' title='bbox 1065 2457 1106 2523; x_wconf 88' lang='lat' dir='ltr'><strong>ad</strong></span> <span class='ocrx_word' id='word_1_154' title='bbox 1140 2465 1227 2544; x_wconf 88' lang='lat' dir='ltr'><strong>ipsas</strong></span> <span class='ocrx_word' id='word_1_155' title='bbox 1255 2464 1485 2525; x_wconf 86' lang='lat' dir='ltr'><strong>veteranorum</strong></span> 
     </span>
     <span class='ocr_line' id='line_1_20' title="bbox 312 2553 1563 2650; baseline -0.001 -18"><span class='ocrx_word' id='word_1_156' title='bbox 312 2566 564 2632; x_wconf 78' lang='lat' dir='ltr'><strong>exclamationes</strong></span> <span class='ocrx_word' id='word_1_157' title='bbox 584 2565 696 2630; x_wconf 86' lang='lat' dir='ltr'><strong>referri</strong></span> <span class='ocrx_word' id='word_1_158' title='bbox 715 2587 780 2630; x_wconf 91' lang='lat' dir='ltr'><strong>non</strong></span> <span class='ocrx_word' id='word_1_159' title='bbox 794 2571 941 2650; x_wconf 84' lang='lat' dir='ltr'><strong>possunt.</strong></span> <span class='ocrx_word' id='word_1_160' title='bbox 979 2565 1097 2631; x_wconf 90' lang='lat' dir='ltr'><strong>Utrum</strong></span> <span class='ocrx_word' id='word_1_161' title='bbox 1117 2571 1226 2632; x_wconf 88' lang='lat' dir='ltr'><strong>autem</strong></span> <span class='ocrx_word' id='word_1_162' title='bbox 1241 2587 1313 2630; x_wconf 86' lang='lat' dir='ltr'><strong>eum</strong></span> <span class='ocrx_word' id='word_1_163' title='bbox 1328 2566 1485 2631; x_wconf 80' lang='lat' dir='ltr'><strong>Ernestio</strong></span> <span class='ocrx_word' id='word_1_164' title='bbox 1562 2553 1563 2557; x_wconf 24' lang='lat'>¹</span> 
     </span>
     <span class='ocr_line' id='line_1_21' title="bbox 312 2671 1486 2757; baseline 0 -19"><span class='ocrx_word' id='word_1_165' title='bbox 312 2672 444 2738; x_wconf 86' lang='lat' dir='ltr'><strong>verbum</strong></span> <span class='ocrx_word' id='word_1_166' title='bbox 483 2672 641 2738; x_wconf 89' lang='lat' dir='ltr'><strong>obirent</strong></span> <span class='ocrx_word' id='word_1_167' title='bbox 677 2671 712 2736; x_wconf 91' lang='lat' dir='ltr'><strong>in</strong></span> <span class='ocrx_word' id='word_1_168' title='bbox 746 2677 871 2738; x_wconf 81' lang='lat' dir='ltr'><strong>textum</strong></span> <span class='ocrx_word' id='word_1_169' title='bbox 909 2673 1129 2757; x_wconf 81' lang='lat' dir='ltr'><strong>recipiendum</strong></span> <span class='ocrx_word' id='word_1_170' title='bbox 1166 2697 1206 2738; x_wconf 86' lang='lat' dir='ltr'><strong>an</strong></span> <span class='ocrx_word' id='word_1_171' title='bbox 1244 2694 1315 2737; x_wconf 87' lang='lat' dir='ltr'><strong>oum</strong></span> <span class='ocrx_word' id='word_1_172' title='bbox 1352 2671 1486 2738; x_wconf 87' lang='lat' dir='ltr'><strong>Rittero</strong></span> 
     </span>
     <span class='ocr_line' id='line_1_22' title="bbox 312 2777 1484 2866; baseline -0.002 -22"><span class='ocrx_word' id='word_1_173' title='bbox 312 2777 428 2866; x_wconf 79' lang='lat'>(1864)</span> <span class='ocrx_word' id='word_1_174' title='bbox 448 2781 563 2844; x_wconf 85' lang='lat' dir='ltr'><strong>lacuna</strong></span> <span class='ocrx_word' id='word_1_175' title='bbox 581 2785 658 2863; x_wconf 90' lang='lat' dir='ltr'><strong>post</strong></span> <span class='ocrx_word' id='word_1_176' title='bbox 675 2801 788 2844; x_wconf 88' lang='lat' dir='ltr'><strong>voeem</strong></span> <span class='ocrx_word' id='word_1_177' title='bbox 806 2778 1008 2843; x_wconf 85' lang='lat' dir='ltr'><strong>laboribus</strong></span> <span class='ocrx_word' id='word_1_178' title='bbox 1028 2779 1200 2845; x_wconf 86' lang='lat' dir='ltr'><strong>indicanda</strong></span> <span class='ocrx_word' id='word_1_179' title='bbox 1219 2780 1271 2864; x_wconf 87' lang='lat' dir='ltr'><strong>sit,</strong></span> <span class='ocrx_word' id='word_1_180' title='bbox 1289 2779 1344 2844; x_wconf 81' lang='lat' dir='ltr'><strong>vix</strong></span> <span class='ocrx_word' id='word_1_181' title='bbox 1366 2779 1484 2843; x_wconf 88' lang='lat' dir='ltr'><strong>diiudi-</strong></span> 
     </span>
     <span class='ocr_line' id='line_1_23' title="bbox 312 2887 520 2972; baseline 0 -20"><span class='ocrx_word' id='word_1_182' title='bbox 312 2887 378 2952; x_wconf 87' lang='lat' dir='ltr'><strong>eari</strong></span> <span class='ocrx_word' id='word_1_183' title='bbox 401 2890 520 2972; x_wconf 82' lang='lat' dir='ltr'><strong>potest.</strong></span> 
     </span>
    </p>
   </div>
   <div class='ocr_carea' id='block_1_4' title="bbox 863 3136 937 3216">
    <p class='ocr_par' dir='ltr' id='par_1_4' title="bbox 863 3136 937 3216">
     <span class='ocr_line' id='line_1_24' title="bbox 863 3136 937 3216; baseline 0.014 -16"><span class='ocrx_word' id='word_1_184' title='bbox 863 3136 937 3216; x_wconf 61' lang='lat' dir='ltr'><strong>§d</strong></span> 
     </span>
    </p>
   </div>
   <div class='ocr_carea' id='block_1_5' title="bbox 368 3271 1430 3466">
    <p class='ocr_par' dir='ltr' id='par_1_5' title="bbox 368 3271 1430 3466">
     <span class='ocr_line' id='line_1_25' title="bbox 368 3271 1430 3362; baseline 0.004 -24"><span class='ocrx_word' id='word_1_185' title='bbox 368 3271 564 3362; x_wconf 72' lang='lat' dir='ltr'><strong>Qiraorltur</strong></span> <span class='ocrx_word' id='word_1_186' title='bbox 588 3293 658 3357; x_wconf 88' lang='lat' dir='ltr'><strong>qua</strong></span> <span class='ocrx_word' id='word_1_187' title='bbox 686 3275 828 3341; x_wconf 86' lang='lat' dir='ltr'><strong>ratione</strong></span> <span class='ocrx_word' id='word_1_188' title='bbox 852 3275 999 3342; x_wconf 74' lang='lat' dir='ltr'><strong>ueritus</strong></span> <span class='ocrx_word' id='word_1_189' title='bbox 1022 3277 1223 3343; x_wconf 85' lang='lat' dir='ltr'><strong>orationem</strong></span> <span class='ocrx_word' id='word_1_190' title='bbox 1246 3275 1430 3356; x_wconf 80' lang='lat' dir='ltr'><strong>obliquam</strong></span> 
     </span>
     <span class='ocr_line' id='line_1_26' title="bbox 505 3380 1286 3466; baseline 0.001 -17"><span class='ocrx_word' id='word_1_191' title='bbox 505 3381 714 3466; x_wconf 86' lang='lat' dir='ltr'><strong>pendentem</strong></span> <span class='ocrx_word' id='word_1_192' title='bbox 739 3380 871 3450; x_wconf 82' lang='lat' dir='ltr'><strong>feeerit</strong></span> <span class='ocrx_word' id='word_1_193' title='bbox 893 3399 940 3450; x_wconf 83' lang='lat' dir='ltr'><strong>ex</strong></span> <span class='ocrx_word' id='word_1_194' title='bbox 963 3383 1109 3449; x_wconf 85' lang='lat' dir='ltr'><strong>notione</strong></span> <span class='ocrx_word' id='word_1_195' title='bbox 1133 3383 1286 3463; x_wconf 84' lang='lat' dir='ltr'><strong>regenti.</strong></span> 
     </span>
    </p>
   </div>
   <div class='ocr_carea' id='block_1_6' title="bbox 314 3505 1562 4554">
    <p class='ocr_par' dir='ltr' id='par_1_6' title="bbox 314 3505 1562 4554">
     <span class='ocr_line' id='line_1_27' title="bbox 403 3505 1562 3598; baseline 0.002 -26"><span class='ocrx_word' id='word_1_196' title='bbox 403 3505 521 3574; x_wconf 85' lang='lat' dir='ltr'><strong>Parum</strong></span> <span class='ocrx_word' id='word_1_197' title='bbox 547 3509 668 3587; x_wconf 67' lang='lat' dir='ltr'><strong>avitis</strong></span> <span class='ocrx_word' id='word_1_198' title='bbox 693 3507 797 3573; x_wconf 90' lang='lat' dir='ltr'><strong>doetis</strong></span> <span class='ocrx_word' id='word_1_199' title='bbox 827 3507 956 3574; x_wconf 87' lang='lat' dir='ltr'><strong>ineam</strong></span> <span class='ocrx_word' id='word_1_200' title='bbox 987 3509 1211 3594; x_wconf 81' lang='lat' dir='ltr'><strong>quaestionem</strong></span> <span class='ocrx_word' id='word_1_201' title='bbox 1240 3508 1361 3593; x_wconf 89' lang='lat' dir='ltr'><strong>inquiri</strong></span> <span class='ocrx_word' id='word_1_202' title='bbox 1391 3511 1486 3596; x_wconf 83' lang='lat' dir='ltr'><strong>solet,</strong></span> <span class='ocrx_word' id='word_1_203' title='bbox 1561 3559 1562 3598; x_wconf 27' lang='lat' dir='ltr'><strong>p</strong></span> 
     </span>
     <span class='ocr_line' id='line_1_28' title="bbox 314 3599 1562 3702; baseline 0.003 -24"><span class='ocrx_word' id='word_1_204' title='bbox 314 3635 379 3698; x_wconf 90' lang='lat' dir='ltr'><strong>qua</strong></span> <span class='ocrx_word' id='word_1_205' title='bbox 410 3615 536 3681; x_wconf 84' lang='lat' dir='ltr'><strong>ratione</strong></span> <span class='ocrx_word' id='word_1_206' title='bbox 567 3617 741 3702; x_wconf 85' lang='lat' dir='ltr'><strong>soriptores</strong></span> <span class='ocrx_word' id='word_1_207' title='bbox 770 3614 911 3680; x_wconf 83' lang='lat' dir='ltr'><strong>Romani</strong></span> <span class='ocrx_word' id='word_1_208' title='bbox 939 3616 1123 3700; x_wconf 87' lang='lat' dir='ltr'><strong>notionem,</strong></span> <span class='ocrx_word' id='word_1_209' title='bbox 1162 3639 1199 3681; x_wconf 84' lang='lat' dir='ltr'><strong>ex</strong></span> <span class='ocrx_word' id='word_1_210' title='bbox 1237 3637 1302 3699; x_wconf 90' lang='lat' dir='ltr'><strong>qua</strong></span> <span class='ocrx_word' id='word_1_211' title='bbox 1330 3616 1488 3700; x_wconf 89' lang='lat' dir='ltr'><strong>penderet</strong></span> <span class='ocrx_word' id='word_1_212' title='bbox 1561 3599 1562 3605; x_wconf 7' lang='grc' dir='ltr'>ἵ</span> 
     </span>
     <span class='ocr_line' id='line_1_29' title="bbox 315 3719 1486 3808; baseline 0.005 -26"><span class='ocrx_word' id='word_1_213' title='bbox 315 3719 420 3784; x_wconf 83' lang='lat' dir='ltr'><strong>oratio</strong></span> <span class='ocrx_word' id='word_1_214' title='bbox 444 3721 590 3807; x_wconf 84' lang='lat' dir='ltr'><strong>obliqua,</strong></span> <span class='ocrx_word' id='word_1_215' title='bbox 614 3745 733 3808; x_wconf 87' lang='lat' dir='ltr'><strong>ponere</strong></span> <span class='ocrx_word' id='word_1_216' title='bbox 756 3722 927 3788; x_wconf 82' lang='lat' dir='ltr'><strong>debuerint</strong></span> <span class='ocrx_word' id='word_1_217' title='bbox 950 3723 1002 3788; x_wconf 86' lang='lat' dir='ltr'><strong>vel</strong></span> <span class='ocrx_word' id='word_1_218' title='bbox 1025 3722 1177 3787; x_wconf 89' lang='lat' dir='ltr'><strong>omittere</strong></span> <span class='ocrx_word' id='word_1_219' title='bbox 1199 3723 1374 3806; x_wconf 89' lang='lat' dir='ltr'><strong>potuerint.</strong></span> <span class='ocrx_word' id='word_1_220' title='bbox 1416 3722 1486 3788; x_wconf 90' lang='lat' dir='ltr'><strong>Nu-</strong></span> 
     </span>
     <span class='ocr_line' id='line_1_30' title="bbox 316 3825 1488 3914; baseline 0.005 -24"><span class='ocrx_word' id='word_1_221' title='bbox 316 3825 456 3912; x_wconf 84' lang='lat' dir='ltr'><strong>perrime</strong></span> <span class='ocrx_word' id='word_1_222' title='bbox 480 3825 614 3894; x_wconf 80' lang='lat' dir='ltr'><strong>Kilhner</strong></span> <span class='ocrx_word' id='word_1_223' title='bbox 636 3829 794 3894; x_wconf 87' lang='lat' dir='ltr'><strong>nonnulla</strong></span> <span class='ocrx_word' id='word_1_224' title='bbox 820 3829 992 3912; x_wconf 87' lang='lat' dir='ltr'><strong>proposuit</strong></span> <span class='ocrx_word' id='word_1_225' title='bbox 1015 3830 1078 3894; x_wconf 84' lang='lat' dir='ltr'><strong>vol.</strong></span> <span class='ocrx_word' id='word_1_226' title='bbox 1092 3828 1125 3894; x_wconf 92' lang='lat' dir='ltr'><strong>II</strong></span> <span class='ocrx_word' id='word_1_227' title='bbox 1140 3829 1161 3892; x_wconf 79' lang='grc'>2</span> <span class='ocrx_word' id='word_1_228' title='bbox 1176 3852 1205 3912; x_wconf 91' lang='lat' dir='ltr'><strong>p.</strong></span> <span class='ocrx_word' id='word_1_229' title='bbox 1223 3829 1307 3892; x_wconf 78' lang='lat'>1025</span> <span class='ocrx_word' id='word_1_230' title='bbox 1321 3851 1401 3914; x_wconf 61' lang='lat' dir='ltr'><strong>seqe,</strong></span> <span class='ocrx_word' id='word_1_231' title='bbox 1428 3832 1488 3896; x_wconf 88' lang='lat' dir='ltr'><strong>sed</strong></span> 
     </span>
     <span class='ocr_line' id='line_1_31' title="bbox 316 3932 1487 4018; baseline 0.003 -20"><span class='ocrx_word' id='word_1_232' title='bbox 316 3953 355 3998; x_wconf 82' lang='lat' dir='ltr'><strong>ea</strong></span> <span class='ocrx_word' id='word_1_233' title='bbox 378 3954 443 3998; x_wconf 90' lang='lat' dir='ltr'><strong>nou</strong></span> <span class='ocrx_word' id='word_1_234' title='bbox 473 3932 654 4018; x_wconf 83' lang='lat' dir='ltr'><strong>suffioiunt3</strong></span> <span class='ocrx_word' id='word_1_235' title='bbox 683 3935 745 4000; x_wconf 85' lang='lat' dir='ltr'><strong>hae</strong></span> <span class='ocrx_word' id='word_1_236' title='bbox 773 3935 859 4000; x_wconf 86' lang='lat' dir='ltr'><strong>euim</strong></span> <span class='ocrx_word' id='word_1_237' title='bbox 891 3934 930 4000; x_wconf 83' lang='lat' dir='ltr'><strong>de</strong></span> <span class='ocrx_word' id='word_1_238' title='bbox 959 3957 995 4000; x_wconf 86' lang='lat' dir='ltr'><strong>re</strong></span> <span class='ocrx_word' id='word_1_239' title='bbox 1024 3939 1096 4000; x_wconf 86' lang='lat' dir='ltr'><strong>tum</strong></span> <span class='ocrx_word' id='word_1_240' title='bbox 1123 3935 1252 4000; x_wconf 86' lang='lat' dir='ltr'><strong>demum</strong></span> <span class='ocrx_word' id='word_1_241' title='bbox 1283 3940 1405 4000; x_wconf 87' lang='lat' dir='ltr'><strong>eertum</strong></span> <span class='ocrx_word' id='word_1_242' title='bbox 1436 3937 1487 4002; x_wconf 91' lang='lat' dir='ltr'><strong>iu·</strong></span> 
     </span>
     <span class='ocr_line' id='line_1_32' title="bbox 318 4037 1488 4126; baseline 0.004 -23"><span class='ocrx_word' id='word_1_243' title='bbox 318 4037 437 4104; x_wconf 77' lang='lat' dir='ltr'><strong>dieiuur</strong></span> <span class='ocrx_word' id='word_1_244' title='bbox 462 4039 531 4106; x_wconf 86' lang='lat' dir='ltr'><strong>lieri</strong></span> <span class='ocrx_word' id='word_1_245' title='bbox 560 4040 695 4126; x_wconf 87' lang='lat' dir='ltr'><strong>poterit,</strong></span> <span class='ocrx_word' id='word_1_246' title='bbox 723 4062 795 4104; x_wconf 84' lang='lat' dir='ltr'><strong>euru</strong></span> <span class='ocrx_word' id='word_1_247' title='bbox 823 4041 1026 4126; x_wconf 83' lang='lat' dir='ltr'><strong>singulorum</strong></span> <span class='ocrx_word' id='word_1_248' title='bbox 1054 4045 1225 4106; x_wconf 81' lang='lat' dir='ltr'><strong>auctorum</strong></span> <span class='ocrx_word' id='word_1_249' title='bbox 1252 4064 1331 4106; x_wconf 89' lang='lat' dir='ltr'><strong>usus</strong></span> <span class='ocrx_word' id='word_1_250' title='bbox 1358 4063 1488 4108; x_wconf 81' lang='lat' dir='ltr'><strong>aeeura</strong></span> 
     </span>
     <span class='ocr_line' id='line_1_33' title="bbox 317 4143 1488 4233; baseline 0.005 -25"><span class='ocrx_word' id='word_1_251' title='bbox 317 4143 445 4210; x_wconf 82' lang='lat' dir='ltr'><strong>tissime</strong></span> <span class='ocrx_word' id='word_1_252' title='bbox 478 4145 625 4232; x_wconf 76' lang='lat' dir='ltr'><strong>depictus</strong></span> <span class='ocrx_word' id='word_1_253' title='bbox 661 4147 733 4212; x_wconf 77' lang='lat' dir='ltr'><strong>erit</strong></span> <span class='ocrx_word' id='word_1_254' title='bbox 779 4145 828 4212; x_wconf 90' lang='lat' dir='ltr'><strong>De</strong></span> <span class='ocrx_word' id='word_1_255' title='bbox 857 4145 962 4212; x_wconf 81' lang='lat' dir='ltr'><strong>Taeiti</strong></span> <span class='ocrx_word' id='word_1_256' title='bbox 998 4147 1130 4233; x_wconf 85' lang='lat' dir='ltr'><strong>propria</strong></span> <span class='ocrx_word' id='word_1_257' title='bbox 1160 4148 1390 4214; x_wconf 84' lang='lat' dir='ltr'><strong>eonsuetudine</strong></span> <span class='ocrx_word' id='word_1_258' title='bbox 1418 4149 1488 4214; x_wconf 89' lang='lat' dir='ltr'><strong>fere</strong></span> 
     </span>
     <span class='ocr_line' id='line_1_34' title="bbox 317 4250 1488 4340; baseline 0.003 -24"><span class='ocrx_word' id='word_1_259' title='bbox 317 4250 400 4316; x_wconf 83' lang='lat' dir='ltr'><strong>nihil</strong></span> <span class='ocrx_word' id='word_1_260' title='bbox 425 4252 582 4338; x_wconf 81' lang='lat' dir='ltr'><strong>seriptum</strong></span> <span class='ocrx_word' id='word_1_261' title='bbox 607 4257 666 4336; x_wconf 73' lang='lat' dir='ltr'><strong>est,</strong></span> <span class='ocrx_word' id='word_1_262' title='bbox 688 4252 752 4318; x_wconf 90' lang='lat' dir='ltr'><strong>uisi</strong></span> <span class='ocrx_word' id='word_1_263' title='bbox 775 4253 861 4338; x_wconf 86' lang='lat' dir='ltr'><strong>quod</strong></span> <span class='ocrx_word' id='word_1_264' title='bbox 880 4251 1067 4340; x_wconf 80' lang='lat' dir='ltr'><strong>Nipperdey</strong></span> <span class='ocrx_word' id='word_1_265' title='bbox 1091 4255 1277 4322; x_wconf 80' lang='lat' dir='ltr'><strong>observavit</strong></span> <span class='ocrx_word' id='word_1_266' title='bbox 1295 4255 1336 4320; x_wconf 84' lang='lat' dir='ltr'><strong>ad</strong></span> <span class='ocrx_word' id='word_1_267' title='bbox 1350 4254 1411 4321; x_wconf 81' lang='lat' dir='ltr'><strong>An.</strong></span> <span class='ocrx_word' id='word_1_268' title='bbox 1425 4255 1441 4320; x_wconf 96' lang='lat' dir='ltr'>I</span> <span class='ocrx_word' id='word_1_269' title='bbox 1457 4258 1488 4340; x_wconf 87' lang='lat'><strong>9,</strong></span> 
     </span>
     <span class='ocr_line' id='line_1_35' title="bbox 317 4357 1561 4448; baseline 0.004 -26"><span class='ocrx_word' id='word_1_270' title='bbox 317 4357 451 4424; x_wconf 82' lang='lat' dir='ltr'><strong>verbum</strong></span> <span class='ocrx_word' id='word_1_271' title='bbox 475 4379 592 4442; x_wconf 70' lang='lat' dir='ltr'><strong>regens</strong></span> <span class='ocrx_word' id='word_1_272' title='bbox 616 4360 724 4426; x_wconf 84' lang='lat' dir='ltr'><strong>omitti</strong></span> <span class='ocrx_word' id='word_1_273' title='bbox 745 4381 840 4444; x_wconf 84' lang='lat' dir='ltr'><strong>posse</strong></span> <span class='ocrx_word' id='word_1_274' title='bbox 863 4366 921 4426; x_wconf 85' lang='lat' dir='ltr'><strong>aut</strong></span> <span class='ocrx_word' id='word_1_275' title='bbox 942 4361 970 4425; x_wconf 87' lang='lat' dir='ltr'><strong>si</strong></span> <span class='ocrx_word' id='word_1_276' title='bbox 989 4383 1041 4445; x_wconf 81' lang='lat' dir='ltr'><strong>ea,</strong></span> <span class='ocrx_word' id='word_1_277' title='bbox 1064 4385 1147 4446; x_wconf 85' lang='lat' dir='ltr'><strong>quae</strong></span> <span class='ocrx_word' id='word_1_278' title='bbox 1162 4367 1381 4448; x_wconf 81' lang='lat' dir='ltr'><strong>sequerentur,</strong></span> <span class='ocrx_word' id='word_1_279' title='bbox 1404 4365 1489 4428; x_wconf 89' lang='lat' dir='ltr'><strong>satis</strong></span> <span class='ocrx_word' id='word_1_280' title='bbox 1560 4433 1561 4438; x_wconf 8' lang='grc' dir='ltr'>γ</span> 
     </span>
     <span class='ocr_line' id='line_1_36' title="bbox 316 4461 1492 4554; baseline 0.006 -26"><span class='ocrx_word' id='word_1_281' title='bbox 316 4461 498 4532; x_wconf 75' lang='lat' dir='ltr'><strong>iudioumut</strong></span> <span class='ocrx_word' id='word_1_282' title='bbox 511 4467 566 4550; x_wconf 73' lang='lat' dir='ltr'><strong>agi</strong></span> <span class='ocrx_word' id='word_1_283' title='bbox 581 4465 621 4532; x_wconf 87' lang='lat' dir='ltr'><strong>de</strong></span> <span class='ocrx_word' id='word_1_284' title='bbox 644 4467 791 4532; x_wconf 77' lang='lat' dir='ltr'><strong>oratioue</strong></span> <span class='ocrx_word' id='word_1_285' title='bbox 804 4489 962 4552; x_wconf 82' lang='lat' dir='ltr'><strong>personae</strong></span> <span class='ocrx_word' id='word_1_286' title='bbox 985 4473 1083 4534; x_wconf 81' lang='lat' dir='ltr'><strong>antea</strong></span> <span class='ocrx_word' id='word_1_287' title='bbox 1104 4468 1169 4532; x_wconf 85' lang='lat' dir='ltr'><strong>iam</strong></span> <span class='ocrx_word' id='word_1_288' title='bbox 1194 4473 1405 4554; x_wconf 81' lang='lat' dir='ltr'><strong>memoratae,</strong></span> <span class='ocrx_word' id='word_1_289' title='bbox 1430 4477 1492 4535; x_wconf 85' lang='lat' dir='ltr'><strong>aut</strong></span> 
     </span>
    </p>
   </div>
   <div class='ocr_carea' id='block_1_7' title="bbox 0 0 1589 5222">
    <p class='ocr_par' dir='ltr' id='par_1_7' title="bbox 0 0 1589 5222">
     <span class='ocr_line' id='line_1_37' title="bbox 0 0 1589 5222; baseline 0 0"><span class='ocrx_word' id='word_1_290' title='bbox 0 0 1589 5222; x_wconf 95' lang='lat' dir='ltr'><strong> </strong></span> 
     </span>
    </p>
   </div>
  </div>
 </body>
</html>
