3152 5222
552 509 770 574 „35-

102 672 186 733 totam
206 669 270 736 fere
292 669 446 754 syntaxin
469 668 703 735 contaminavit
726 668 917 754 amplasque
939 669 1105 754 ellipsium
1127 670 1249 736 indices

102 775 277 861 conscripsit.
309 775 434 843 Sanotii
448 779 631 842 commenta
645 797 664 840 a
679 772 841 861 Scioppio,
859 797 938 841 cane
951 776 1010 842 illo
1027 778 1250 864 grammatico,

101 885 126 945 et
150 905 167 946 a
192 881 356 948 Perizonio
387 883 492 968 magis
528 883 658 949 exculta
687 886 720 947 et
752 880 786 946 in
825 883 1113 966 grammaticorum
1148 884 1249 951 libros

100 987 210 1054 inducta
231 995 319 1076 sunt,
342 990 390 1055 ita
412 992 450 1054 ut
471 990 525 1055 vix
549 1011 631 1056 unus
656 988 702 1053 eis
720 993 931 1075 repugnaret3
954 989 1053 1054 immo
1077 1011 1154 1056 vero
1178 996 1249 1058 tan-

100 1099 156 1160 tum
180 1096 302 1183 aberat,
330 1099 369 1162 ut
395 1096 458 1160 viri
488 1096 576 1160 docti
610 1095 756 1180 ineptam
789 1095 881 1160 illam
913 1094 1094 1162 doctrinam
1129 1097 1249 1183 ellipti·

100 1222 154 1266 can
180 1204 351 1288 reicerent,
379 1207 415 1267 ut
439 1203 561 1287 singuli
584 1203 637 1268 vel
660 1201 778 1267 crassis
808 1200 1029 1268 voluminibus
1057 1203 1250 1289 conscriptis

99 1308 246 1374 thesauros
275 1308 439 1394 ellipsium
467 1309 685 1394 cumularent,
712 1308 746 1373 in
775 1308 893 1392 quibus
922 1310 1031 1374 omnia
1057 1309 1138 1395 fere,
1168 1332 1250 1395 quae

24 1463 25 1486 ,
84 1414 301 1493 ,coniunctione
324 1403 497 1482 verborum
522 1415 645 1501 aliquid
668 1414 872 1480 difficultatis
894 1415 1075 1501 habebant,
1097 1416 1250 1502 ellipseos

24 1505 25 1552 ³
99 1523 173 1604 quasi
189 1523 406 1589 instrumento
426 1524 600 1607 explanare
619 1521 803 1587 studebant.
835 1520 956 1587 Nostro
972 1522 1100 1587 demum
1121 1524 1250 1589 saeculo

24 1629 25 1710 ]
97 1625 160 1692 haec
176 1629 328 1715 ellipseos
342 1629 476 1695 licentia
488 1629 604 1713 findas
619 1630 685 1693 suis
697 1649 730 1692 se
747 1628 900 1694 conticere
918 1634 947 1693 et
963 1629 1052 1694 certis
1066 1630 1251 1709 quibuisdam

24 1719 25 1732 ¹
97 1733 260 1811 findacu'
286 1735 375 1801 classo
403 1741 491 1801 esto
520 1733 674 1800 Godofr.
697 1733 932 1801 Hermanno.
977 1735 1121 1801 Isenim
1150 1734 1250 1823 (opl

24 1859 25 1876 ¹
96 1862 118 1922 p.
133 1842 185 1907 181
201 1840 237 1930 s.)
254 1843 366 1909 docuit
387 1842 501 1908 tritam
521 1842 612 1907 illam
631 1841 861 1927 definitionem,
880 1864 919 1906 ex
938 1865 1002 1927 qua
1020 1847 1108 1908 esset
1125 1843 1250 1929 ellipsis

97 1947 246 2015 omissio
270 1949 382 2015 verbi
405 1948 623 2014 necessarii
653 1947 698 2012 ad
727 1948 1008 2033 integritatem
1038 1949 1251 2035 orationis,

96 2059 211 2140 propter
233 2056 487 2142 ambiguitatem
511 2077 603 2120 suam
628 2058 661 2119 et
684 2054 865 2120 socordiam
893 2055 1182 2140 credulitatemque
1205 2057 1250 2122 vi·

96 2181 187 2227 rorum
219 2164 390 2228 doctorum
421 2163 523 2228 fuisse
559 2161 684 2227 fontem
723 2161 905 2227 dementiae
941 2160 1045 2248 illius,
1082 2162 1159 2248 quia
1192 2185 1251 2229 nac

96 2265 198 2334 dietum
216 2273 314 2353 esset,
328 2269 407 2355 quid
421 2275 507 2334 esset
521 2267 738 2334 necessarium
753 2289 880 2354 quoque
894 2267 1028 2333 modulo
1042 2270 1251 2356 metiendum,
1339 2353 1343 2358 f

94 2394 140 2440 nec
160 2377 234 2461 quid
259 2376 322 2441 sibi
346 2375 447 2441 vellet
469 2376 527 2441 illa
550 2374 707 2441 orationis
731 2375 918 2462 integritas,
946 2375 1076 2440 brevem
1100 2376 1186 2441 eninr
1218 2381 1254 2442 et

95 2482 240 2565 copiosam
266 2483 446 2549 orationem
472 2505 542 2548 esse
565 2483 727 2569 integram
750 2504 809 2547 uec
832 2482 937 2568 magis
962 2503 1045 2567 eum,
1067 2482 1123 2567 qui
1145 2482 1250 2548 brevi-

94 2587 143 2651 tati
162 2588 194 2653 in
217 2590 355 2656 dicendo
379 2590 540 2675 studeret,
563 2589 740 2674 quidquam
764 2589 931 2675 omittere,
958 2610 1056 2673 quam
1086 2588 1250 2674 superflua

94 2693 283 2782 adiungeret,
307 2696 363 2781 qui
387 2697 514 2782 copiae,
537 2698 668 2780 quodsi
690 2699 931 2780 quisiuteprum
954 2696 1124 2760 crotonem
1141 2716 1250 2761 cocon-

93 2799 151 2866 dom
170 2809 303 2869 musnet
334 2825 415 2890 eom,
448 2825 526 2887 quae
551 2824 613 2887 pro
640 2803 767 2868 cenatio
799 2805 877 2886 eius,
911 2803 966 2884 qui
990 2803 1163 2882 loqueretur
1194 2809 1252 2868 out

92 2907 225 2993 adeor,
255 2931 340 2974 acac
357 2912 511 2976 ·eoncisior
533 2917 623 2995 esset,
651 2929 735 2976 acac
763 2909 952 2992 explicatior,
983 2907 1012 2973 ie
1034 2910 1250 2992 plcouoaccum

92 3032 147 3075 cem
166 3014 263 3099 copia,
286 3016 409 3100 ellipsin
431 3039 499 3082 cum
523 3017 664 3083 breoiwlc
686 3015 890 3096 confunderet.
927 3014 1153 3100 Quamobrem,
1175 3038 1248 3082 cum

92 3118 121 3184 de
141 3122 248 3209 ellipsi
272 3126 495 3210 quaereretur,
518 3123 743 3208 integritatem
765 3144 831 3187 non
854 3142 950 3206 posse
974 3122 1073 3188 aliam
1099 3121 1250 3209 intellegi

26 3217 27 3297 l
91 3227 142 3291 nisi
163 3252 245 3315 eam,
268 3252 333 3315 qua
356 3230 465 3296 omnia
484 3253 565 3316 quae
589 3234 700 3296 orator
723 3228 860 3315 cogitari
883 3229 997 3315 vellet,
1019 3229 1126 3295 verbis
1151 3230 1249 3295 ctiam

90 3336 217 3421 propriis
241 3336 442 3422 dicerentur,
464 3336 485 3401 i.
504 3360 530 3402 e.
549 3337 775 3422 integritatem
800 3337 1060 3421 grammaticam,
1084 3337 1250 3423 ellipsin

90 3438 202 3523 igitur
233 3465 322 3508 esse
351 3443 604 3509 omissionem
634 3441 832 3529 vocabuli,
863 3443 961 3527 quod
993 3442 1068 3507 etsi
1098 3442 1248 3507 dictum

89 3567 151 3614 non
173 3553 295 3635 esset,
319 3553 445 3614 tamen
469 3550 720 3635 cogitaretur.
757 3548 947 3634 Integritati
965 3548 1068 3634 igitur
1087 3570 1245 3634 gramma-

90 3652 160 3721 ticae
183 3655 362 3722 secundum
382 3655 562 3721 Hermanni
586 3654 808 3720 definitionem
833 3654 958 3739 ellipsis
982 3655 1076 3739 quasi
1099 3655 1248 3720 lacunam

89 3759 186 3849 infert,
219 3762 297 3848 quia
331 3766 441 3828 orator
475 3763 619 3848 aliquam
653 3761 833 3845 notionem,
868 3783 966 3846 quam
1000 3761 1139 3848 cogitari
1168 3763 1250 3848 vult,

89 3869 208 3953 proprio
234 3868 335 3934 verbo
356 3890 423 3934 non
447 3869 616 3954 exprimit,
639 3869 687 3934 ita
710 3867 854 3953 quidem,
886 3871 921 3932 ut
949 3869 1183 3933 sententiarum
1201 3869 1248 3933 in·

29 3985 30 4016 ³
88 3975 213 4060 tegritas
238 3975 411 4060 efficiatur,
433 3975 607 4041 verborum
620 3997 686 4040 non
706 3973 875 4039 efficiatur.
895 4011 938 4021 -
957 3974 1047 4051 Quae
1062 3974 1248 4040 acutissime

89 4080 122 4143 ab
142 4081 329 4149 Hermanno
354 4104 425 4174 esse
454 4082 604 4168 exposita
633 4081 695 4147 etsi
723 4102 789 4145 non
812 4081 961 4167 negabis,
990 4085 1102 4147 tamen
1124 4080 1157 4145 id
1181 4080 1247 4146 for·

88 4189 164 4254 tasse
182 4211 310 4254 mecum
334 4188 547 4273 vituperabis,
571 4189 657 4274 quod
676 4188 911 4254 sententiarum
929 4188 1154 4272 integritatem
1172 4210 1248 4273 pen-

88 4291 207 4361 dentem
229 4295 310 4361 fecit
332 4317 371 4360 ex
394 4316 446 4380 eo,
469 4299 580 4361 utrum
602 4317 661 4380 pro
692 4294 828 4360 consilio
852 4316 890 4359 ac
912 4295 1080 4359 voluntate
1108 4294 1248 4360 oratoris

87 4403 187 4467 omnia
215 4402 304 4467 dicta
332 4388 453 4487 essent,
482 4403 591 4467 necne.
642 4401 722 4477 Quis
752 4402 838 4466 enim
868 4422 928 4487 pro
963 4405 1050 4465 certo
1086 4399 1248 4466 affirmare

87 4511 197 4595 potest,
218 4509 282 4574 hoc
304 4531 408 4593 neque
432 4508 519 4573 aliud
543 4507 620 4592 quid
634 4512 797 4574 oratorem
812 4506 998 4593 cogitasse?
1034 4528 1099 4591 qua
1122 4507 1247 4572 ratione

820 4631 822 4636 .
1000 4608 1035 4664 3*
