3230 5220
773 480 1098 546 —100-‚

295 640 297 642 ’
394 639 456 706 Sed
481 647 518 706 ut
542 639 769 706 offendendum
793 662 858 707 non
882 644 933 706 est
956 642 990 706 in
1012 641 1111 706 huius
1135 640 1361 726 explicationis
1385 647 1480 727 parte

305 753 450 814 extrema
474 745 563 834 (nam
591 747 646 811 vix
674 747 713 812 de
746 747 959 813 omissione
987 749 1078 814 verbi
1101 749 1313 814 interirent
1340 749 1480 833 cogitari

304 858 427 940 potest,
459 854 515 920 sed
549 854 679 939 figura
716 877 811 939 quae
849 854 995 919 dicitur
1036 849 1110 919 ἀπὸ
1149 855 1290 920 κοινοῦ
1330 855 1481 920 adhibita

304 959 437 1025 Tacitus
462 961 559 1026 verba
581 961 630 1025 ita
653 961 829 1047 disposuit,
856 965 893 1026 ut
923 962 1058 1026 verbum
1090 962 1131 1026 ad
1161 962 1293 1047 singula
1315 963 1480 1028 enuntiati

305 1068 449 1132 membra
484 1067 649 1152 pertinens
687 1066 720 1130 in
750 1068 814 1132 fine
845 1067 981 1132 membri
1012 1067 1109 1152 primi
1138 1072 1291 1153 poneret:
1322 1069 1360 1134 cf.
1391 1069 1479 1134 infra

304 1175 370 1258 §ti
387 1170 439 1260 3),
478 1174 527 1238 ita
557 1196 594 1239 cc
628 1173 734 1258 magis
767 1157 919 1259 displicet
952 1177 985 1238 et
1016 1174 1211 1258 gerundium
1251 1176 1479 1240 flammaudi

304 1285 350 1366 et,
389 1280 475 1365 quod
511 1281 611 1346 verbs
655 1280 883 1346 flammandi
930 1283 963 1345 et
1008 1283 1369 1364 atque-urerentur
1408 1305 1478 1347 mo·

303 1388 422 1452 lostam
446 1387 590 1452 efficiunt
608 1388 843 1474 tautologiam,
867 1410 949 1473 quae
967 1407 1033 1451 non
1051 1386 1182 1452 tollitur
1201 1389 1269 1454 sive
1289 1411 1361 1454 cum
1379 1389 1479 1474 Agri-

305 1494 376 1558 cola
412 1493 526 1559 scribis
565 1493 760 1558 flammati
799 1495 867 1559 sive
904 1515 976 1558 eum
1014 1491 1156 1559 Meursio
1194 1495 1354 1561 flamma
1395 1497 1480 1561 usti

303 1601 372 1665 sive
405 1622 478 1664 cum
510 1599 688 1682 Bernaysio
724 1600 885 1666 flamma
922 1600 1098 1664 divexati
1133 1601 1201 1666 sive
1220 1623 1312 1684 ‚cum
1334 1602 1480 1689 Halmio,

232 1761 235 1767 ,
305 1706 384 1772 duce
409 1706 553 1791 Sulpicio
584 1703 703 1771 Severo
734 1704 787 1793 (cf.
803 1729 876 1773 ann.
891 1707 961 1772 crit.
976 1729 1026 1791 ap.
1042 1704 1165 1794 Halm.)
1196 1710 1311 1774 multi
1339 1711 1480 1776 membre

305 1813 399 1895 affici
422 1818 478 1896 adt
496 1813 659 1892 flamma
687 1815 777 1899 esti,
807 1815 953 1900 aliique,
982 1814 1035 1878 dbi
1064 1813 1218 1894 defecisset
1240 1820 1272 1880 et
1288 1838 1318 1900 q.
1334 1839 1374 1902 s.;
1402 1839 1480 1881 nam

304 1920 329 1984 ii
355 1940 496 2005 quoque,
535 1919 591 2004 qui
627 1920 661 1983 in
691 1941 786 1984 usum
816 1921 965 1986 nocturni
996 1903 1128 1986 luminis
1159 1926 1311 2009 uruntur,
1346 1923 1480 1988 flamma

307 2030 453 2091 uruntur.
500 2025 656 2090 Attamen
679 2049 730 2092 res
753 2027 892 2092 fortasse
914 2027 993 2092 ferri
1016 2031 1137 2112 posset,
1160 2027 1224 2092 nisi
1248 2030 1480 2094 molestissime

305 2133 476 2197 coniuncta
512 2137 622 2196 essent
658 2155 839 2218 synonyma
877 2133 1080 2198 flammare
1119 2138 1154 2199 et
1198 2157 1326 2201 urere.
1380 2135 1478 2202 Prae·
1608 2213 1609 2216 Ἴ

308 2243 399 2304 terea
422 2239 616 2304 insolentior
637 2240 719 2304 mihi
742 2239 871 2304 videtur
895 2239 994 2304 dictio
1018 2241 1053 2304 iu
1075 2261 1167 2305 usum
1184 2245 1327 2323 nocturni
1350 2243 1482 2308 leminis

304 2346 376 2412 uri.
432 2345 571 2411 Gravius
604 2351 775 2431 corruptus
808 2368 879 2410 esse
910 2345 1040 2410 videtur
1077 2347 1181 2433 locus,
1213 2371 1310 2434 quam
1342 2355 1380 2414 ut
1411 2349 1481 2414 leni

306 2452 432 2516 medela
456 2453 621 2517 emendari
643 2453 758 2538 possit.
803 2450 991 2538 Nipperdey
1022 2452 1143 2525 delevit
1172 2456 1271 2520 verba
1300 2461 1356 2520 adt
1381 2457 1479 2520 creci-

305 2559 360 2623 sus
382 2558 476 2641 affici
498 2563 553 2624 adt
575 2560 776 2646 dammandi,
805 2564 841 2624 ut
872 2582 954 2645 quae
977 2559 1092 2624 mortis
1116 2581 1236 2645 genera
1258 2585 1373 2646 parum
1397 2562 1480 2627 ludi-

305 2664 385 2728 briis
405 2665 499 2749 quasi
524 2665 665 2730 obnoxis
689 2666 910 2731 describerent
933 2671 1170 2752 praetereaque
1187 2669 1368 2733 orationem
1392 2670 1480 2734 male

304 2771 588 2855 interrumperent.
627 2770 689 2837 Sed
708 2773 789 2838 haec
811 2793 877 2837 non
900 2772 1066 2838 sufficiunt
1089 2773 1130 2838 ad
1149 2775 1313 2860 glossema
1332 2780 1480 2840 statuen-

306 2878 397 2962 dum,
429 2900 505 2970 nam
539 2883 572 2943 et
603 2879 752 2945 crucibus
786 2879 891 2944 affixis
925 2882 959 2943 et
991 2879 1122 2945 flamma
1154 2882 1363 2964 pereuntibus
1397 2882 1479 2946 satis

304 2983 519 3048 ludibriorum
543 2985 617 3049 addi
647 2988 824 3070 potuerunt
854 2988 887 3050 et
915 2985 983 3054 vix,
1000 2987 1176 3070 verisimile
1206 2987 1348 3073 videtur,
1379 2990 1481 3054 verba

305 3090 365 3154 illa
388 3111 458 3154 esse
480 3090 604 3154 inserta
627 3113 647 3154 a
670 3091 804 3157 librario
832 3093 986 3177 quodam,
1006 3094 1074 3177 ‘qni
1097 3115 1217 3178 poenas
1241 3095 1330 3180 illas,
1360 3096 1479 3179 quibus

307 3193 485 3260 Christiani
521 3196 711 3282 plerumque
745 3198 853 3262 affecti
890 3206 1011 3284 essent,
1045 3199 1269 3266 desiderasset.
1325 3200 1481 3267 Fortasse

306 3301 480 3386 legendum
504 3307 567 3368 est:
599 3309 628 3368 et
651 3305 848 3386 pereuntibus
871 3307 978 3371 addite
1002 3308 1136 3372 ludibria
1158 3313 1193 3372 at
1206 3309 1354 3388 fordeum
1387 3311 1482 3392 terpis

306 3410 429 3473 conecti
453 3403 574 3474 laniate
597 3432 710 3476 eandm
732 3413 894 3477 interirent
915 3419 971 3477 eut
992 3415 1130 3480 crucibus
1149 3414 1244 3498 effici
1266 3420 1301 3479 et
1321 3415 1482 3496 flamma

306 3517 486 3602 divexati,
515 3517 569 3582 sbi
591 3519 745 3600 defecisset
766 3521 830 3584 dies
851 3521 887 3583 iis
914 3541 1005 3584 asum
1034 3522 1176 3586 coderet
1206 3522 1334 3586 leminis
1359 3528 1480 3587 certe·
1582 3587 1585 3592 .

305 3627 451 3686 retitur:
476 3622 513 3689 cf.
527 3623 774 3691 Iuvenalianum
796 3626 879 3690 illud
904 3627 932 3711 1,
949 3626 1107 3712 mosea:

490 3766 852 3780 ———————
867 3733 957 3797 taeda
980 3734 1088 3799 lucebis
1110 3735 1145 3798 ia
1167 3735 1233 3819 illa,

492 3836 561 3917 Qec
583 3844 698 3904 stantes
719 3841 842 3924 ardent,
865 3840 920 3920 qui
942 3841 1142 3923 dispectore
1162 3841 1295 3927 famem,

275 4002 279 4015 ,
489 3941 537 4006 Et
558 3945 655 4009 latam
677 3948 779 4010 medio
800 3947 919 4010 suicide
940 3945 1062 4010 deducis
1084 3967 1189 4012 arena.

308 4085 350 4096 —
373 4048 417 4115 ib.
434 4049 489 4133 72,
502 4040 613 4115 4-9:
643 4052 724 4117 cod:
757 4052 837 4116 Tam
859 4053 950 4134 qussi
969 4057 1054 4135 peste
1076 4053 1150 4118 bezo
1179 4056 1372 4136 sepositam
1394 4061 1484 4121 cocat

299 4161 447 4222 ‘senatres
487 4161 516 4220 et
551 4157 735 4240 inemptae
774 4159 863 4223 dcem
886 4159 1029 4224 Petronio
1066 4157 1290 4247 TarpiOi)eno
1323 4164 1483 4228 consulari

308 4261 427 4328 Cocceio
460 4263 581 4328 Nervae
599 4265 739 4348 praetori
771 4266 938 4348 desmate,
973 4267 1122 4348 Tepelliao
1147 4269 1302 4351 praefecto
1327 4271 1484 4352 paseat

172 4418 175 4424 .
308 4370 422 4455 tribuit,
448 4370 633 4454 Tipeliiaeen
655 4375 684 4435 et
707 4371 843 4436 Nervam
865 4373 912 4436 ita
933 4373 1086 4456 extolleris,
1108 4378 1255 4456 estsuper
1278 4375 1484 4458 triumphales

307 4476 342 4539 ia
362 4476 431 4557 fero
453 4478 604 4560 decepisses
633 4479 720 4561 opud
741 4477 901 4547 Palatium
930 4501 1045 4562 quoque
1073 4481 1189 4564 efficies
1217 4502 1322 4546 eorum
1352 4483 1482 4548 sisteret.
