3230 5220
585 462 804 526 ...89-

123 625 220 706 specics
249 624 408 688 marinam
435 622 603 704 efflabant·
631 657 675 668 -
702 620 866 707 ualet,
883 623 916 686 1:
947 627 1018 687 tanc
1050 627 1217 687 contractos
1244 623 1279 685 in

120 731 430 814 prinnina-mammes
461 751 498 794 ac
525 729 710 794 namnam
739 733 856 792 monet:
886 748 984 793 anam
1012 731 1048 792 in
1070 729 1168 793 armis
1196 728 1279 792 sata·

125 841 191 914 tem·
210 873 249 882 -
271 837 327 922 79,
340 837 374 901 6:
400 838 597 919 ammenta
623 835 672 900 bis
689 833 917 899 Interamnates
949 836 1131 900 disseruere:
1152 855 1279 918 mam

125 945 211 1008 daras
234 944 467 1024 facundissimos
488 942 603 1008 Italiae
631 961 771 1024 montom·
797 977 840 988 ·-
865 941 990 1027 11156,
1012 943 1065 1007 13:
1096 942 1215 1006 modica
1244 942 1280 1004 dc

125 1049 245 1116 mames
276 1051 476 1121 adulescentis
506 1050 600 1130 neque
631 1049 666 1112 in
695 1049 814 1128 fabam
846 1053 937 1113 aerata
969 1049 1100 1112 rettulit:
1138 1067 1200 1112 csse
1231 1048 1282 1112 itti

125 1157 266 1240 mninaan
296 1161 329 1222 ct
343 1179 373 1241 q.
389 1179 426 1241 eq
445 1192 488 1203 -
507 1153 710 1239 X1v21,1:
737 1189 782 1200 -—
803 1175 840 1220 ac
869 1161 970 1218 manen
998 1154 1123 1220 bonesta
1150 1155 1281 1219 nomina

119 1263 359 1344 praetendebant:
381 1265 514 1328 maiores
535 1282 651 1345 quoqne
672 1281 736 1325 non
758 1261 951 1326 abhorruisse
970 1264 1003 1325 et
1017 1284 1047 1346 q.
1062 1283 1100 1346 s.;
1119 1297 1155 1306 -
1174 1261 1232 1345 62,
1246 1261 1280 1324 9:

124 1370 208 1451 r'aitar
234 1371 364 1436 accitam
393 1389 462 1434 enm
485 1367 600 1434 Caesar
629 1387 737 1449 operae
757 1368 878 1450 prioris
906 1369 1063 1432 admonet:
1098 1367 1198 1432 sobam
1233 1369 1280 1431 in-

124 1477 281 1542 columitati
288 1475 647 1560 annonis-sabomissc.
658 1509 699 1520 -
715 1474 847 1540 Passive
866 1475 1084 1540 conformatus
1106 1477 1157 1538 eet
1176 1474 1281 1538 locus:

125 1582 203 1648 dial:
223 1585 272 1669 10,
287 1584 343 1648 34;
367 1583 463 1648 sentio
486 1583 561 1663 qaid
581 1583 756 1663 remandari
778 1584 892 1664 possit:
914 1580 986 1646 binc
1003 1582 1135 1664 inuentis
1157 1582 1282 1645 eaistcre

123 1691 258 1756 aderam
286 1693 320 1755 et
334 1713 364 1775 q.
379 1711 404 1756 a.
428 1725 473 1734 —
496 1689 618 1753 Locum
641 1687 761 1754 obiecti
790 1688 917 1753 obtinet
946 1687 1045 1753 dictio
1068 1685 1283 1771 praepositio-

123 1795 212 1862 nulis:
234 1795 396 1880 An.111‚
418 1795 449 1861 1:
485 1800 514 1860 ct
539 1795 591 1860 itte
619 1796 703 1859 uarie
729 1795 892 1860 disserebat
919 1795 955 1858 de
985 1795 1196 1872 mannitadine
1225 1795 1280 1856 irn-

118 1904 204 1987 ocrii,
220 1923 279 1968 sna
292 1904 454 1968 modestia:
477 1901 575 1967 solam
588 1950 613 1966 ..
628 1901 764 1984 Aaqnsti
777 1906 906 1966 mentem
920 1905 1023 1964 tantae
1038 1900 1128 1965 mobis
1141 1920 1281 1982 capacem

124 2010 154 2071 et
166 2030 192 2092 q.
207 2031 246 2094 e.;
264 2045 310 2056 --
327 2007 374 2074 IV
391 2009 441 2093 14,
458 2009 512 2074 10:
531 2012 682 2090 pmtrerao
701 2006 815 2074 Caesae
836 2009 872 2072 de
896 2009 1077 2072 inmodestia
1098 2007 1282 2072 bisinianum

123 2116 244 2180 rcttntit:
275 2116 375 2180 matta
404 2116 443 2180 ab
474 2116 515 2179 iis
545 2116 580 2178 in
605 2115 764 2198 patticam
794 2115 944 2198 seditiose,
974 2115 1065 2195 foeda
1089 2134 1149 2196 par
1179 2114 1283 2178 manos

125 2224 265 2304 temptari.
276 2256 311 2268 -
324 2221 461 2287 Accedit
473 2221 579 2286 forma
591 2221 772 2286 rhetoricae
786 2219 1068 2304 interrogationis:
1077 2219 1116 2284 H.
1125 2219 1158 2284 Π
1168 2220 1219 2304 74,
1229 2220 1283 2284 lu:

32 2365 34 2412 ς
124 2329 282 2410 abnecando
305 2330 433 2394 aduersa
462 2329 639 2412 reputabat:
668 2329 738 2411 qais
767 2328 819 2392 iiic
847 2328 911 2392 dies
938 2326 1033 2411 foret,
1061 2347 1120 2408 queo
1143 2329 1177 2390 ot
1191 2348 1220 2410 q.
1236 2327 1282 2390 a?

32 2463 33 2500 1
124 2431 178 2498 An
191 2433 269 2500 XIV
286 2436 337 2520 11,
354 2436 407 2500 1οε
425 2455 558 2518 namque
575 2439 604 2498 ct
620 2435 823 2517 naecfraqiam
840 2433 1007 2498 narrabat:
1026 2434 1107 2516 qnod
1120 2433 1284 2513 fortaitam

32 2575 33 2618 q
123 2541 221 2627 inisse,
248 2543 318 2625 qaas
340 2543 415 2606 adeo
444 2541 528 2606 babes
556 2542 745 2606 inueniretur
775 2545 810 2604 nt
841 2537 994 2605 aranee?
1039 2538 1112 2603 Duo
1139 2537 1204 2603 loci
1232 2537 1279 2601 in-

32 2645 33 2706 i
125 2649 301 2741 veniuntur,
325 2648 442 2732 quibua
466 2647 571 2713 oratio
595 2647 730 2732 obliqua
757 2647 905 2732 sequitur
934 2646 1138 2712 enuntiatum
1161 2645 1285 2729 'primae

32 2761 34 2802 1
124 2755 209 2842 rium,
227 2756 262 2820 in
281 2777 345 2840 quo
367 2754 499 2819 verbum
518 2754 644 2819 dicendi
657 2755 815 2819 omissum
831 2754 959 2839 quidem
980 2758 1039 2838 est,
1058 2751 1114 2816 sed
1128 2750 1284 2816 facillime

125 2862 334 2947 intellegitur:
357 2861 398 2925 H.
412 2860 444 2926 V
458 2861 577 2945 25‚12:
600 2860 672 2926 baca
693 2862 806 2946 comas,
825 2880 963 2943 praenes
985 2861 1152 2924 atrociora:
1176 2857 1284 2924 (battis

124 2969 200 3034 rabie
221 2974 313 3034 semet
335 2970 369 3034 in
392 2989 483 3032 orma
501 2973 618 3044 trasos;
639 3005 681 3015 —
702 2966 984 3051 nativitate.
1007 2967 1043 3030 de
1061 2965 1126 3048 ipsa
1143 2964 1284 3030 reema

124 3077 231 3160 eumen,
260 3077 315 3140 sad
335 3075 521 3139 timbriaet
548 3076 746 3140 contumelias
774 3076 952 3139 imminere:
980 3072 1169 3138 sabtraberet
1194 3092 1285 3136 annes

124 3183 258 3248 macinas
281 3187 310 3246 et
324 3181 457 3264 probris.
482 3218 523 3228 -
547 3181 624 3246 Alia
654 3181 860 3266 aliquatenus
888 3201 939 3245 res
967 3185 1030 3264 est,
1064 3179 1122 3244 ubi
1150 3179 1284 3243 verbum

124 3289 245 3354 finitum
269 3287 430 3352 enuntiati
454 3287 635 3353 secundarii
657 3290 765 3373 ipsum
788 3287 970 3353 orationem
988 3286 1155 3371 obliquam
1174 3305 1285 3368 rogere

124 3415 184 3459 non
205 3398 329 3480 potest3
352 3395 418 3480 sed,
441 3415 513 3459 cum
537 3394 661 3479 aliquid
685 3394 862 3480 significet,
889 3395 975 3479 qnod
1003 3397 1060 3457 aut
1090 3394 1198 3456 mente
1228 3395 1285 3455 aut

125 3522 174 3565 ore
197 3502 315 3588 agitur,
339 3500 444 3566 oratio
468 3500 601 3586 obliqua
617 3501 773 3566 facillime
792 3500 822 3565 ei
841 3500 976 3584 adiungi
993 3499 1110 3585 potuit.
1148 3496 1285 3563 Collatia

124 3608 205 3672 euim
236 3607 407 3693 exemplis,
439 3608 473 3671 in
505 3608 623 3693 quibus
654 3629 721 3672 non
752 3611 843 3672 extat
873 3608 954 3672 haec
984 3605 1127 3671 breviter
1158 3602 1285 3668 dicendi

125 3715 255 3800 species,
279 3714 474 3800 -proprie
505 3713 592 3778 enim
620 3714 747 3779 adiecta
775 3719 824 3779 est
850 3712 941 3778 notio
969 3710 1167 3795 declarandi,
1200 3708 1285 3773 unde

124 3821 273 3904 penderet
296 3821 401 3886 oratio
425 3821 558 3904 obliqua
580 3857 623 3866 -
646 3823 684 3884 ut
702 3820 781 3904 Agr.
799 3821 977 3906 15,1seq.:
999 3839 1131 3900 narnqac
1149 3816 1286 3881 absentia

125 3927 209 4010 bauti
239 3933 352 3992 remota
383 3933 466 3992 necta
498 3927 653 3992 Britanni
684 3928 803 4009 euitare
834 3928 914 3991 inter
945 3947 977 3991 se
1007 3926 1094 3990 mata
1124 3923 1285 4006 sanitates,

124 4035 253 4114 conferre
275 4035 412 4099 iniarias
441 4039 470 4098 ct
496 4035 722 4116 interpretando
749 4035 906 4099 accendere
928 4032 966 4116 (i.
982 4055 1007 4098 e.
1023 4053 1155 4118 augere,
1181 4029 1286 4093 inten-

126 4140 206 4206 dere:
239 4141 277 4206 af.
295 4141 358 4206 lex.
377 4137 508 4226 Tacit.):
539 4140 619 4205 nibil
644 4141 758 4224 prosim
790 4141 933 4223 patienta
963 4139 1028 4204 nisi
1060 4143 1093 4202 et
1114 4160 1143 4222 q.
1165 4159 1205 4222 e.;
1243 4169 1284 4182 -

126 4245 270 4334 Η.152,
292 4249 345 4313 16:
380 4248 529 4330 instiaare
565 4245 737 4333 Vitelliam,
775 4249 917 4312 ardorem
948 4247 1083 4310 militam
1115 4247 1286 4309 ostentans:

125 4354 221 4435 meam
241 4355 349 4420 mtebri
368 4354 479 4437 nbtqne
499 4355 601 4440 fama,
624 4354 745 4420 nnllam
768 4355 803 4419 in
825 4355 944 4420 Flacco
966 4352 1143 4416 Hordeonio
1166 4355 1287 4416 maram
1413 4377 1417 4386 ·

126 4461 155 4524 a
168 4483 196 4547 q.
211 4483 251 4547 s.;
282 4497 326 4508 -
361 4461 423 4526 hac
459 4461 585 4526 ratione
617 4461 793 4547 explicabis
825 4461 923 4525 hosce
955 4459 1044 4523 locos
1076 4457 1118 4523 H.
1132 4457 1165 4523 Π
1182 4460 1215 4543 1,
1232 4457 1286 4522 15:
