<?xml version="1.0" encoding="UTF-8"?>
<!DOCTYPE html PUBLIC "-//W3C//DTD XHTML 1.0 Transitional//EN"
    "http://www.w3.org/TR/xhtml1/DTD/xhtml1-transitional.dtd">
<html xmlns="http://www.w3.org/1999/xhtml" xml:lang="en" lang="en">
 <head>
  <title>
</title>
<meta http-equiv="Content-Type" content="text/html;charset=utf-8" />
  <meta name='ocr-system' content='tesseract 3.04.00' />
  <meta name='ocr-capabilities' content='ocr_page ocr_carea ocr_par ocr_line ocrx_word'/>
</head>
<body>
  <div class='ocr_page' id='page_1' title='image "./debreviloquenti01clemgoog_0058.png"; bbox 0 0 3152 5222; ppageno 0'>
   <div class='ocr_carea' id='block_1_1' title="bbox 110 465 1381 2630">
    <p class='ocr_par' dir='ltr' id='par_1_1' title="bbox 599 465 818 530">
     <span class='ocr_line' id='line_1_1' title="bbox 599 465 818 530; baseline 0.009 -20"><span class='ocrx_word' id='word_1_1' title='bbox 599 500 642 510; x_wconf 80' lang='grc'><strong>-</strong></span> <span class='ocrx_word' id='word_1_2' title='bbox 687 465 730 530; x_wconf 85' lang='grc'>49</span> <span class='ocrx_word' id='word_1_3' title='bbox 778 502 818 512; x_wconf 86' lang='grc'><strong>-</strong></span> 
     </span>
    </p>

    <p class='ocr_par' dir='ltr' id='par_1_2' title="bbox 114 621 1381 1754">
     <span class='ocr_line' id='line_1_2' title="bbox 116 621 1296 710; baseline 0.01 -25"><span class='ocrx_word' id='word_1_4' title='bbox 116 621 344 688; x_wconf 75' lang='lat' dir='ltr'>consentiente</span> <span class='ocrx_word' id='word_1_5' title='bbox 367 622 514 709; x_wconf 88' lang='lat' dir='ltr'>Halmi0,</span> <span class='ocrx_word' id='word_1_6' title='bbox 538 623 568 690; x_wconf 88' lang='lat' dir='ltr'>J.</span> <span class='ocrx_word' id='word_1_7' title='bbox 592 623 705 690; x_wconf 85' lang='lat' dir='ltr'>Jahrb.</span> <span class='ocrx_word' id='word_1_8' title='bbox 724 626 786 690; x_wconf 84' lang='lat'>109</span> <span class='ocrx_word' id='word_1_9' title='bbox 801 649 832 710; x_wconf 91' lang='lat' dir='ltr'>p.</span> <span class='ocrx_word' id='word_1_10' title='bbox 846 627 911 691; x_wconf 87' lang='lat'>408</span> <span class='ocrx_word' id='word_1_11' title='bbox 934 627 1051 708; x_wconf 75' lang='lat' dir='ltr'>alitque</span> <span class='ocrx_word' id='word_1_12' title='bbox 1079 628 1152 695; x_wconf 83' lang='lat' dir='ltr'>ltacc</span> <span class='ocrx_word' id='word_1_13' title='bbox 1174 631 1296 698; x_wconf 73' lang='lat' dir='ltr'>altars</span> 
     </span>
     <span class='ocr_line' id='line_1_3' title="bbox 116 729 1294 823; baseline 0.01 -32"><span class='ocrx_word' id='word_1_14' title='bbox 116 729 386 813; x_wconf 79' lang='lat' dir='ltr'>criminatoribus,</span> <span class='ocrx_word' id='word_1_15' title='bbox 410 730 487 814; x_wconf 90' lang='lat' dir='ltr'>quia</span> <span class='ocrx_word' id='word_1_16' title='bbox 509 753 547 796; x_wconf 86' lang='lat' dir='ltr'>ex</span> <span class='ocrx_word' id='word_1_17' title='bbox 569 730 677 795; x_wconf 89' lang='lat' dir='ltr'>verbis</span> <span class='ocrx_word' id='word_1_18' title='bbox 702 731 890 798; x_wconf 86' lang='lat' dir='ltr'>insectari</span> <span class='ocrx_word' id='word_1_19' title='bbox 914 736 947 798; x_wconf 90' lang='lat' dir='ltr'>et</span> <span class='ocrx_word' id='word_1_20' title='bbox 970 733 1173 820; x_wconf 83' lang='lat' dir='ltr'>exagitare</span> <span class='ocrx_word' id='word_1_21' title='bbox 1195 737 1294 823; x_wconf 84' lang='lat' dir='ltr'>longe</span> 
     </span>
     <span class='ocr_line' id='line_1_4' title="bbox 117 835 1294 927; baseline 0.008 -28"><span class='ocrx_word' id='word_1_22' title='bbox 117 835 203 899; x_wconf 88' lang='lat' dir='ltr'>alius</span> <span class='ocrx_word' id='word_1_23' title='bbox 223 836 475 919; x_wconf 86' lang='lat' dir='ltr'>significationis</span> <span class='ocrx_word' id='word_1_24' title='bbox 495 837 629 902; x_wconf 91' lang='lat' dir='ltr'>verbum</span> <span class='ocrx_word' id='word_1_25' title='bbox 648 841 725 922; x_wconf 92' lang='lat' dir='ltr'>post</span> <span class='ocrx_word' id='word_1_26' title='bbox 747 843 862 923; x_wconf 88' lang='lat' dir='ltr'>atque</span> <span class='ocrx_word' id='word_1_27' title='bbox 886 841 971 905; x_wconf 91' lang='lat' dir='ltr'>sumi</span> <span class='ocrx_word' id='word_1_28' title='bbox 990 863 1055 906; x_wconf 90' lang='lat' dir='ltr'>non</span> <span class='ocrx_word' id='word_1_29' title='bbox 1073 847 1193 927; x_wconf 88' lang='lat' dir='ltr'>posset.</span> <span class='ocrx_word' id='word_1_30' title='bbox 1230 842 1294 909; x_wconf 84' lang='lat' dir='ltr'>Sed</span> 
     </span>
     <span class='ocr_line' id='line_1_5' title="bbox 117 942 1294 1031; baseline 0.008 -25"><span class='ocrx_word' id='word_1_31' title='bbox 117 942 167 1006; x_wconf 88' lang='lat' dir='ltr'>vir</span> <span class='ocrx_word' id='word_1_32' title='bbox 192 942 250 1006; x_wconf 91' lang='lat' dir='ltr'>ille</span> <span class='ocrx_word' id='word_1_33' title='bbox 270 942 477 1008; x_wconf 84' lang='lat' dir='ltr'>acutissimus</span> <span class='ocrx_word' id='word_1_34' title='bbox 503 944 609 1029; x_wconf 85' lang='lat' dir='ltr'>magis</span> <span class='ocrx_word' id='word_1_35' title='bbox 633 945 764 1031; x_wconf 84' lang='lat' dir='ltr'>ingenio</span> <span class='ocrx_word' id='word_1_36' title='bbox 783 967 857 1031; x_wconf 89' lang='lat' dir='ltr'>suo,</span> <span class='ocrx_word' id='word_1_37' title='bbox 880 969 944 1030; x_wconf 93' lang='lat' dir='ltr'>quo</span> <span class='ocrx_word' id='word_1_38' title='bbox 967 947 1052 1014; x_wconf 89' lang='lat' dir='ltr'>hanc</span> <span class='ocrx_word' id='word_1_39' title='bbox 1075 949 1294 1016; x_wconf 86' lang='lat' dir='ltr'>coniecturam</span> 
     </span>
     <span class='ocr_line' id='line_1_6' title="bbox 117 1049 1293 1141; baseline 0.009 -28"><span class='ocrx_word' id='word_1_40' title='bbox 117 1049 380 1133; x_wconf 84' lang='lat' dir='ltr'>excogitaverat,</span> <span class='ocrx_word' id='word_1_41' title='bbox 402 1049 540 1115; x_wconf 73' lang='lat' dir='ltr'>indulsit</span> <span class='ocrx_word' id='word_1_42' title='bbox 558 1072 656 1135; x_wconf 89' lang='lat' dir='ltr'>quam</span> <span class='ocrx_word' id='word_1_43' title='bbox 680 1050 916 1122; x_wconf 77' lang='lat' dir='ltr'>iustiscausis.</span> <span class='ocrx_word' id='word_1_44' title='bbox 958 1053 1188 1141; x_wconf 82' lang='lat' dir='ltr'>Unusquisque</span> <span class='ocrx_word' id='word_1_45' title='bbox 1207 1058 1293 1123; x_wconf 88' lang='lat' dir='ltr'>enim</span> 
     </span>
     <span class='ocr_line' id='line_1_7' title="bbox 117 1155 1293 1249; baseline 0.009 -30"><span class='ocrx_word' id='word_1_46' title='bbox 117 1156 274 1220; x_wconf 75' lang='lat' dir='ltr'>concedet</span> <span class='ocrx_word' id='word_1_47' title='bbox 296 1155 453 1239; x_wconf 83' lang='lat' dir='ltr'>exemplis</span> <span class='ocrx_word' id='word_1_48' title='bbox 477 1163 575 1240; x_wconf 89' lang='lat' dir='ltr'>supra</span> <span class='ocrx_word' id='word_1_49' title='bbox 599 1158 708 1223; x_wconf 90' lang='lat' dir='ltr'>allatis</span> <span class='ocrx_word' id='word_1_50' title='bbox 732 1158 876 1244; x_wconf 85' lang='lat' dir='ltr'>probari,</span> <span class='ocrx_word' id='word_1_51' title='bbox 899 1158 1050 1226; x_wconf 86' lang='lat' dir='ltr'>Tacitum</span> <span class='ocrx_word' id='word_1_52' title='bbox 1079 1167 1155 1247; x_wconf 90' lang='lat' dir='ltr'>post</span> <span class='ocrx_word' id='word_1_53' title='bbox 1177 1167 1293 1249; x_wconf 85' lang='lat' dir='ltr'>atque</span> 
     </span>
     <span class='ocr_line' id='line_1_8' title="bbox 116 1262 1291 1358; baseline 0.008 -32"><span class='ocrx_word' id='word_1_54' title='bbox 116 1263 212 1326; x_wconf 90' lang='lat' dir='ltr'>haec</span> <span class='ocrx_word' id='word_1_55' title='bbox 235 1263 368 1327; x_wconf 85' lang='lat' dir='ltr'>verbum</span> <span class='ocrx_word' id='word_1_56' title='bbox 398 1263 516 1347; x_wconf 83' lang='lat' dir='ltr'>agendi</span> <span class='ocrx_word' id='word_1_57' title='bbox 545 1264 696 1330; x_wconf 89' lang='lat' dir='ltr'>omittere</span> <span class='ocrx_word' id='word_1_58' title='bbox 724 1265 871 1350; x_wconf 86' lang='lat' dir='ltr'>potuisse</span> <span class='ocrx_word' id='word_1_59' title='bbox 895 1262 950 1351; x_wconf 80' lang='lat' dir='ltr'>(cf.</span> <span class='ocrx_word' id='word_1_60' title='bbox 976 1267 1075 1332; x_wconf 87' lang='lat' dir='ltr'>etiam</span> <span class='ocrx_word' id='word_1_61' title='bbox 1099 1267 1223 1350; x_wconf 76' lang='lat' dir='ltr'>infra§</span> <span class='ocrx_word' id='word_1_62' title='bbox 1246 1268 1291 1358; x_wconf 83' lang='lat'>4).</span> 
     </span>
     <span class='ocr_line' id='line_1_9' title="bbox 115 1367 1381 1463; baseline 0.009 -31"><span class='ocrx_word' id='word_1_63' title='bbox 115 1368 236 1453; x_wconf 84' lang='lat' dir='ltr'>ltaque</span> <span class='ocrx_word' id='word_1_64' title='bbox 250 1368 418 1434; x_wconf 86' lang='lat' dir='ltr'>Andresen</span> <span class='ocrx_word' id='word_1_65' title='bbox 432 1369 665 1455; x_wconf 74' lang='lat' dir='ltr'>vituperandus</span> <span class='ocrx_word' id='word_1_66' title='bbox 680 1394 745 1437; x_wconf 89' lang='lat' dir='ltr'>non</span> <span class='ocrx_word' id='word_1_67' title='bbox 760 1373 925 1457; x_wconf 75' lang='lat' dir='ltr'>estquod</span> <span class='ocrx_word' id='word_1_68' title='bbox 938 1373 1017 1439; x_wconf 88' lang='lat' dir='ltr'>fecit</span> <span class='ocrx_word' id='word_1_69' title='bbox 1031 1375 1101 1458; x_wconf 84' lang='lat' dir='ltr'>Ign.</span> <span class='ocrx_word' id='word_1_70' title='bbox 1116 1374 1293 1463; x_wconf 87' lang='lat' dir='ltr'>Prammer,</span> <span class='ocrx_word' id='word_1_71' title='bbox 1379 1367 1381 1371; x_wconf 50' lang='grc'>’</span> 
     </span>
     <span class='ocr_line' id='line_1_10' title="bbox 116 1475 1292 1566; baseline 0.009 -27"><span class='ocrx_word' id='word_1_72' title='bbox 116 1475 148 1541; x_wconf 89' lang='lat' dir='ltr'>Z.</span> <span class='ocrx_word' id='word_1_73' title='bbox 163 1475 186 1541; x_wconf 87' lang='lat' dir='ltr'>f.</span> <span class='ocrx_word' id='word_1_74' title='bbox 204 1479 316 1541; x_wconf 80' lang='lat' dir='ltr'>deterr.</span> <span class='ocrx_word' id='word_1_75' title='bbox 333 1476 439 1559; x_wconf 88' lang='lat' dir='ltr'>Gymu</span> <span class='ocrx_word' id='word_1_76' title='bbox 463 1476 505 1540; x_wconf 88' lang='lat'>31</span> <span class='ocrx_word' id='word_1_77' title='bbox 521 1498 551 1560; x_wconf 93' lang='lat' dir='ltr'>p.</span> <span class='ocrx_word' id='word_1_78' title='bbox 568 1476 646 1562; x_wconf 80' lang='grc'>752,</span> <span class='ocrx_word' id='word_1_79' title='bbox 670 1479 756 1562; x_wconf 90' lang='lat' dir='ltr'>quod</span> <span class='ocrx_word' id='word_1_80' title='bbox 777 1478 936 1566; x_wconf 78' lang='lat' dir='ltr'>Madvigii</span> <span class='ocrx_word' id='word_1_81' title='bbox 959 1480 1051 1545; x_wconf 89' lang='lat' dir='ltr'>illam</span> <span class='ocrx_word' id='word_1_82' title='bbox 1075 1483 1292 1550; x_wconf 86' lang='lat' dir='ltr'>coniecturam</span> 
     </span>
     <span class='ocr_line' id='line_1_11' title="bbox 114 1582 1291 1676; baseline 0.008 -30"><span class='ocrx_word' id='word_1_83' title='bbox 114 1605 182 1647; x_wconf 90' lang='lat' dir='ltr'>non</span> <span class='ocrx_word' id='word_1_84' title='bbox 216 1583 391 1666; x_wconf 81' lang='lat' dir='ltr'>recepisset</span> <span class='ocrx_word' id='word_1_85' title='bbox 423 1582 456 1646; x_wconf 92' lang='lat' dir='ltr'>in</span> <span class='ocrx_word' id='word_1_86' title='bbox 488 1583 699 1649; x_wconf 89' lang='lat' dir='ltr'>novissimam</span> <span class='ocrx_word' id='word_1_87' title='bbox 737 1585 903 1650; x_wconf 89' lang='lat' dir='ltr'>annalium</span> <span class='ocrx_word' id='word_1_88' title='bbox 940 1586 1116 1653; x_wconf 86' lang='lat' dir='ltr'>editionem</span> <span class='ocrx_word' id='word_1_89' title='bbox 1153 1587 1291 1676; x_wconf 89' lang='lat' dir='ltr'>Nipper-</span> 
     </span>
     <span class='ocr_line' id='line_1_12' title="bbox 115 1689 278 1754; baseline 0.006 -1"><span class='ocrx_word' id='word_1_90' title='bbox 115 1689 278 1754; x_wconf 86' lang='lat' dir='ltr'>deianam.</span> 
     </span>
    </p>

    <p class='ocr_par' dir='ltr' id='par_1_3' title="bbox 110 1795 1292 2630">
     <span class='ocr_line' id='line_1_13' title="bbox 206 1795 1291 1881; baseline 0.006 -21"><span class='ocrx_word' id='word_1_91' title='bbox 206 1795 316 1860; x_wconf 90' lang='lat' dir='ltr'>Dictio</span> <span class='ocrx_word' id='word_1_92' title='bbox 352 1796 637 1881; x_wconf 85' lang='lat' dir='ltr'>praepositionalis</span> <span class='ocrx_word' id='word_1_93' title='bbox 675 1798 800 1864; x_wconf 88' lang='lat' dir='ltr'>accedit</span> <span class='ocrx_word' id='word_1_94' title='bbox 830 1799 870 1863; x_wconf 87' lang='lat' dir='ltr'>ad</span> <span class='ocrx_word' id='word_1_95' title='bbox 907 1800 1126 1864; x_wconf 79' lang='lat' dir='ltr'>accusativum</span> <span class='ocrx_word' id='word_1_96' title='bbox 1159 1800 1291 1867; x_wconf 88' lang='lat' dir='ltr'>obiecti:</span> 
     </span>
     <span class='ocr_line' id='line_1_14' title="bbox 113 1902 1292 1989; baseline 0.005 -22"><span class='ocrx_word' id='word_1_97' title='bbox 113 1903 155 1967; x_wconf 87' lang='lat' dir='ltr'>H.</span> <span class='ocrx_word' id='word_1_98' title='bbox 170 1903 224 1968; x_wconf 88' lang='lat' dir='ltr'>Ill</span> <span class='ocrx_word' id='word_1_99' title='bbox 239 1903 291 1987; x_wconf 85' lang='lat'>33,</span> <span class='ocrx_word' id='word_1_100' title='bbox 313 1902 424 1984; x_wconf 76' lang='lat' dir='ltr'>10s13:</span> <span class='ocrx_word' id='word_1_101' title='bbox 448 1905 575 1986; x_wconf 85' lang='lat' dir='ltr'>quidam</span> <span class='ocrx_word' id='word_1_102' title='bbox 594 1905 682 1969; x_wconf 70' lang='lat' dir='ltr'>olima</span> <span class='ocrx_word' id='word_1_103' title='bbox 700 1907 867 1989; x_wconf 78' lang='lat' dir='ltr'>aspernati,</span> <span class='ocrx_word' id='word_1_104' title='bbox 885 1906 1057 1971; x_wconf 82' lang='lat' dir='ltr'>verteribus</span> <span class='ocrx_word' id='word_1_105' title='bbox 1075 1909 1292 1989; x_wconf 80' lang='lat' dir='ltr'>tormentisque</span> 
     </span>
     <span class='ocr_line' id='line_1_15' title="bbox 111 2010 1291 2100; baseline 0.005 -26"><span class='ocrx_word' id='word_1_106' title='bbox 111 2011 314 2074; x_wconf 82' lang='lat' dir='ltr'>dominorum</span> <span class='ocrx_word' id='word_1_107' title='bbox 343 2010 451 2075; x_wconf 84' lang='lat' dir='ltr'>abdita</span> <span class='ocrx_word' id='word_1_108' title='bbox 480 2013 630 2089; x_wconf 81' lang='lat' dir='ltr'>scrutari,</span> <span class='ocrx_word' id='word_1_109' title='bbox 659 2013 780 2092; x_wconf 77' lang='lat' dir='ltr'>defossa</span> <span class='ocrx_word' id='word_1_110' title='bbox 809 2033 932 2078; x_wconf 83' lang='lat' dir='ltr'>eruere:</span> <span class='ocrx_word' id='word_1_111' title='bbox 959 2014 1042 2093; x_wconf 73' lang='lat' dir='ltr'>taces</span> <span class='ocrx_word' id='word_1_112' title='bbox 1072 2014 1108 2077; x_wconf 85' lang='lat' dir='ltr'>ia</span> <span class='ocrx_word' id='word_1_113' title='bbox 1136 2015 1291 2100; x_wconf 79' lang='lat' dir='ltr'>manitas,</span> 
     </span>
     <span class='ocr_line' id='line_1_16' title="bbox 110 2101 1290 2202; baseline 0.006 -23"><span class='ocrx_word' id='word_1_114' title='bbox 110 2136 213 2198; x_wconf 84' lang='lat' dir='ltr'>qaas,</span> <span class='ocrx_word' id='word_1_115' title='bbox 234 2115 289 2179; x_wconf 85' lang='lat' dir='ltr'>adi</span> <span class='ocrx_word' id='word_1_116' title='bbox 305 2118 459 2200; x_wconf 75' lang='lat' dir='ltr'>praedam</span> <span class='ocrx_word' id='word_1_117' title='bbox 481 2122 662 2202; x_wconf 76' lang='lat' dir='ltr'>equeseraat,</span> <span class='ocrx_word' id='word_1_118' title='bbox 686 2101 722 2182; x_wconf 86' lang='lat' dir='ltr'>ia</span> <span class='ocrx_word' id='word_1_119' title='bbox 743 2140 859 2184; x_wconf 81' lang='lat' dir='ltr'>vacuas</span> <span class='ocrx_word' id='word_1_120' title='bbox 881 2121 986 2185; x_wconf 80' lang='lat' dir='ltr'>domm</span> <span class='ocrx_word' id='word_1_121' title='bbox 1000 2120 1290 2186; x_wconf 75' lang='lat' dir='ltr'>...iaculataataa</span> 
     </span>
     <span class='ocr_line' id='line_1_17' title="bbox 112 2221 1290 2308; baseline 0.005 -22"><span class='ocrx_word' id='word_1_122' title='bbox 112 2222 168 2288; x_wconf 84' lang='lat' dir='ltr'>Sic</span> <span class='ocrx_word' id='word_1_123' title='bbox 192 2221 307 2308; x_wconf 69' lang='lat' dir='ltr'>Halm,</span> <span class='ocrx_word' id='word_1_124' title='bbox 329 2222 476 2289; x_wconf 87' lang='lat' dir='ltr'>Heraeus</span> <span class='ocrx_word' id='word_1_125' title='bbox 499 2224 703 2308; x_wconf 83' lang='lat' dir='ltr'>interpunxit</span> <span class='ocrx_word' id='word_1_126' title='bbox 776 2247 892 2303; x_wconf 80' lang='lat' dir='ltr'>auare,</span> <span class='ocrx_word' id='word_1_127' title='bbox 914 2225 998 2306; x_wconf 77' lang='lat' dir='ltr'>faces</span> <span class='ocrx_word' id='word_1_128' title='bbox 1021 2226 1056 2290; x_wconf 86' lang='lat' dir='ltr'>ia</span> <span class='ocrx_word' id='word_1_129' title='bbox 1079 2227 1224 2292; x_wconf 80' lang='lat' dir='ltr'>manitas</span> <span class='ocrx_word' id='word_1_130' title='bbox 1247 2249 1290 2292; x_wconf 90' lang='lat' dir='ltr'>sc.</span> 
     </span>
     <span class='ocr_line' id='line_1_18' title="bbox 111 2331 1288 2416; baseline 0.004 -23"><span class='ocrx_word' id='word_1_131' title='bbox 111 2332 311 2416; x_wconf 85' lang='lat' dir='ltr'>gerentes:</span> <span class='ocrx_word' id='word_1_132' title='bbox 334 2352 399 2395; x_wconf 90' lang='lat' dir='ltr'>non</span> <span class='ocrx_word' id='word_1_133' title='bbox 418 2331 533 2415; x_wconf 84' lang='lat' dir='ltr'>placet,</span> <span class='ocrx_word' id='word_1_134' title='bbox 557 2352 629 2395; x_wconf 91' lang='lat' dir='ltr'>oum</span> <span class='ocrx_word' id='word_1_135' title='bbox 650 2331 778 2397; x_wconf 87' lang='lat' dir='ltr'>defossa</span> <span class='ocrx_word' id='word_1_136' title='bbox 801 2336 950 2397; x_wconf 90' lang='lat' dir='ltr'>eruentes</span> <span class='ocrx_word' id='word_1_137' title='bbox 968 2332 1021 2397; x_wconf 83' lang='lat' dir='ltr'>vix</span> <span class='ocrx_word' id='word_1_138' title='bbox 1035 2332 1122 2396; x_wconf 86' lang='lat' dir='ltr'>faces</span> <span class='ocrx_word' id='word_1_139' title='bbox 1137 2332 1171 2397; x_wconf 91' lang='lat' dir='ltr'>in</span> <span class='ocrx_word' id='word_1_140' title='bbox 1186 2334 1288 2398; x_wconf 90' lang='lat' dir='ltr'>mani-</span> 
     </span>
     <span class='ocr_line' id='line_1_19' title="bbox 110 2435 1289 2524; baseline 0.004 -25"><span class='ocrx_word' id='word_1_141' title='bbox 110 2437 173 2500; x_wconf 88' lang='lat' dir='ltr'>bus</span> <span class='ocrx_word' id='word_1_142' title='bbox 200 2457 312 2521; x_wconf 83' lang='lat' dir='ltr'>gerere</span> <span class='ocrx_word' id='word_1_143' title='bbox 334 2437 470 2520; x_wconf 89' lang='lat' dir='ltr'>possint.</span> <span class='ocrx_word' id='word_1_144' title='bbox 496 2473 535 2483; x_wconf 93' lang='lat'><em>-</em></span> <span class='ocrx_word' id='word_1_145' title='bbox 560 2435 732 2501; x_wconf 89' lang='lat' dir='ltr'>Praeterea</span> <span class='ocrx_word' id='word_1_146' title='bbox 761 2437 901 2503; x_wconf 87' lang='lat' dir='ltr'>fortasse</span> <span class='ocrx_word' id='word_1_147' title='bbox 931 2437 995 2502; x_wconf 91' lang='lat' dir='ltr'>huo</span> <span class='ocrx_word' id='word_1_148' title='bbox 1026 2436 1170 2524; x_wconf 88' lang='lat' dir='ltr'>pertinet</span> <span class='ocrx_word' id='word_1_149' title='bbox 1199 2438 1289 2504; x_wconf 87' lang='lat' dir='ltr'>locus</span> 
     </span>
     <span class='ocr_line' id='line_1_20' title="bbox 110 2541 1289 2630; baseline 0.003 -24"><span class='ocrx_word' id='word_1_150' title='bbox 110 2542 203 2606; x_wconf 85' lang='lat' dir='ltr'>haud</span> <span class='ocrx_word' id='word_1_151' title='bbox 217 2541 399 2608; x_wconf 89' lang='lat' dir='ltr'>dissimilis:</span> <span class='ocrx_word' id='word_1_152' title='bbox 421 2543 462 2609; x_wconf 91' lang='lat' dir='ltr'>H.</span> <span class='ocrx_word' id='word_1_153' title='bbox 476 2543 524 2609; x_wconf 92' lang='lat' dir='ltr'>IV</span> <span class='ocrx_word' id='word_1_154' title='bbox 539 2543 591 2630; x_wconf 85' lang='lat'>35,</span> <span class='ocrx_word' id='word_1_155' title='bbox 614 2542 679 2628; x_wconf 68' lang='lat' dir='ltr'>5J9:</span> <span class='ocrx_word' id='word_1_156' title='bbox 703 2545 758 2624; x_wconf 89' lang='lat' dir='ltr'>qai</span> <span class='ocrx_word' id='word_1_157' title='bbox 770 2545 823 2608; x_wconf 79' lang='grc'><strong>0111</strong></span> <span class='ocrx_word' id='word_1_158' title='bbox 836 2566 964 2611; x_wconf 86' lang='lat' dir='ltr'>rursum</span> <span class='ocrx_word' id='word_1_159' title='bbox 978 2545 1087 2610; x_wconf 79' lang='lat' dir='ltr'>missos</span> <span class='ocrx_word' id='word_1_160' title='bbox 1101 2543 1289 2610; x_wconf 80' lang='lat' dir='ltr'>Novaaaa</span> 
     </span>
    </p>
   </div>
   <div class='ocr_carea' id='block_1_2' title="bbox 1 2649 1290 2736">
    <p class='ocr_par' dir='ltr' id='par_1_4' title="bbox 1 2649 1290 2736">
     <span class='ocr_line' id='line_1_21' title="bbox 1 2649 1290 2736; baseline 0.008 -28"><span class='ocrx_word' id='word_1_161' title='bbox 1 2649 2 2660; x_wconf 60' lang='lat'>¹</span> <span class='ocrx_word' id='word_1_162' title='bbox 106 2652 351 2730; x_wconf 74' lang='lat' dir='ltr'>frumentatores</span> <span class='ocrx_word' id='word_1_163' title='bbox 371 2651 520 2729; x_wconf 81' lang='lat' dir='ltr'>datasque</span> <span class='ocrx_word' id='word_1_164' title='bbox 541 2653 576 2715; x_wconf 88' lang='lat' dir='ltr'>ia</span> <span class='ocrx_word' id='word_1_165' title='bbox 595 2651 788 2736; x_wconf 75' lang='lat' dir='ltr'>praesidium</span> <span class='ocrx_word' id='word_1_166' title='bbox 817 2650 949 2716; x_wconf 76' lang='lat' dir='ltr'>cohortes</span> <span class='ocrx_word' id='word_1_167' title='bbox 979 2652 1060 2715; x_wconf 85' lang='lat' dir='ltr'>vetat</span> <span class='ocrx_word' id='word_1_168' title='bbox 1087 2652 1188 2717; x_wconf 86' lang='lat' dir='ltr'>malta</span> <span class='ocrx_word' id='word_1_169' title='bbox 1209 2674 1290 2736; x_wconf 76' lang='lat' dir='ltr'>parc</span> 
     </span>
    </p>
   </div>
   <div class='ocr_carea' id='block_1_3' title="bbox 0 4281 6 5178">
    <p class='ocr_par' dir='ltr' id='par_1_5' title="bbox 0 4281 6 5178">
     <span class='ocr_line' id='line_1_22' title="bbox 0 4281 6 5178; baseline 0 0"><span class='ocrx_word' id='word_1_170' title='bbox 0 4281 6 5178; x_wconf 95' lang='lat' dir='ltr'> </span> 
     </span>
    </p>
   </div>
   <div class='ocr_carea' id='block_1_4' title="bbox 103 2756 1289 3694">
    <p class='ocr_par' dir='ltr' id='par_1_6' title="bbox 103 2756 1289 3694">
     <span class='ocr_line' id='line_1_23' title="bbox 108 2756 1289 2846; baseline 0.006 -28"><span class='ocrx_word' id='word_1_171' title='bbox 108 2756 234 2838; x_wconf 73' lang='lat' dir='ltr'>iaprcdi</span> <span class='ocrx_word' id='word_1_172' title='bbox 257 2757 381 2839; x_wconf 79' lang='lat' dir='ltr'>accepit,</span> <span class='ocrx_word' id='word_1_173' title='bbox 412 2778 522 2822; x_wconf 84' lang='lat' dir='ltr'>raram</span> <span class='ocrx_word' id='word_1_174' title='bbox 549 2758 635 2840; x_wconf 77' lang='lat' dir='ltr'>apud</span> <span class='ocrx_word' id='word_1_175' title='bbox 664 2759 754 2840; x_wconf 79' lang='lat' dir='ltr'>siqua</span> <span class='ocrx_word' id='word_1_176' title='bbox 777 2758 914 2842; x_wconf 87' lang='lat' dir='ltr'>militem,</span> <span class='ocrx_word' id='word_1_177' title='bbox 946 2777 1038 2822; x_wconf 86' lang='lat' dir='ltr'>arma</span> <span class='ocrx_word' id='word_1_178' title='bbox 1069 2759 1104 2822; x_wconf 86' lang='lat' dir='ltr'>ia</span> <span class='ocrx_word' id='word_1_179' title='bbox 1134 2758 1289 2846; x_wconf 78' lang='lat' dir='ltr'>vehiculis,</span> 
     </span>
     <span class='ocr_line' id='line_1_24' title="bbox 108 2863 1287 2948; baseline 0.003 -21"><span class='ocrx_word' id='word_1_180' title='bbox 108 2866 237 2927; x_wconf 73' lang='lat' dir='ltr'>amas</span> <span class='ocrx_word' id='word_1_181' title='bbox 260 2863 382 2927; x_wconf 74' lang='lat' dir='ltr'>licentia</span> <span class='ocrx_word' id='word_1_182' title='bbox 411 2883 503 2946; x_wconf 77' lang='lat' dir='ltr'>caque</span> <span class='ocrx_word' id='word_1_183' title='bbox 532 2865 715 2946; x_wconf 81' lang='lat' dir='ltr'>compositas</span> <span class='ocrx_word' id='word_1_184' title='bbox 743 2865 872 2928; x_wconf 82' lang='lat' dir='ltr'>iacadit.</span> <span class='ocrx_word' id='word_1_185' title='bbox 926 2863 1192 2948; x_wconf 89' lang='lat' dir='ltr'>Interpunctione</span> <span class='ocrx_word' id='word_1_186' title='bbox 1221 2868 1287 2932; x_wconf 87' lang='lat' dir='ltr'>iam</span> 
     </span>
     <span class='ocr_line' id='line_1_25' title="bbox 107 2969 1288 3057; baseline 0.005 -25"><span class='ocrx_word' id='word_1_187' title='bbox 107 2969 329 3033; x_wconf 82' lang='lat' dir='ltr'>indicavimus</span> <span class='ocrx_word' id='word_1_188' title='bbox 366 2991 425 3034; x_wconf 89' lang='lat' dir='ltr'>nos</span> <span class='ocrx_word' id='word_1_189' title='bbox 456 2969 576 3034; x_wconf 88' lang='lat' dir='ltr'>Heraei</span> <span class='ocrx_word' id='word_1_190' title='bbox 607 2970 909 3056; x_wconf 86' lang='lat' dir='ltr'>interpretationem</span> <span class='ocrx_word' id='word_1_191' title='bbox 938 2993 1003 3036; x_wconf 90' lang='lat' dir='ltr'>non</span> <span class='ocrx_word' id='word_1_192' title='bbox 1035 2971 1190 3057; x_wconf 86' lang='lat' dir='ltr'>probare,</span> <span class='ocrx_word' id='word_1_193' title='bbox 1223 2994 1288 3057; x_wconf 90' lang='lat' dir='ltr'>qua</span> 
     </span>
     <span class='ocr_line' id='line_1_26' title="bbox 108 3071 1289 3162; baseline 0.003 -22"><span class='ocrx_word' id='word_1_194' title='bbox 108 3076 215 3140; x_wconf 89' lang='lat' dir='ltr'>verba</span> <span class='ocrx_word' id='word_1_195' title='bbox 237 3097 510 3160; x_wconf 85' lang='lat' dir='ltr'>rarum-vagos</span> <span class='ocrx_word' id='word_1_196' title='bbox 540 3077 746 3161; x_wconf 83' lang='lat' dir='ltr'>epexegctiee</span> <span class='ocrx_word' id='word_1_197' title='bbox 777 3076 818 3142; x_wconf 88' lang='lat' dir='ltr'>ad</span> <span class='ocrx_word' id='word_1_198' title='bbox 841 3071 942 3142; x_wconf 86' lang='lat' dir='ltr'>verba</span> <span class='ocrx_word' id='word_1_199' title='bbox 970 3078 1052 3144; x_wconf 87' lang='lat' dir='ltr'>velat</span> <span class='ocrx_word' id='word_1_200' title='bbox 1080 3078 1179 3142; x_wconf 85' lang='lat' dir='ltr'>malta</span> <span class='ocrx_word' id='word_1_201' title='bbox 1208 3101 1289 3162; x_wconf 76' lang='lat' dir='ltr'>pace</span> 
     </span>
     <span class='ocr_line' id='line_1_27' title="bbox 108 3182 1287 3269; baseline 0.005 -25"><span class='ocrx_word' id='word_1_202' title='bbox 108 3183 236 3265; x_wconf 73' lang='lat' dir='ltr'>inqredi</span> <span class='ocrx_word' id='word_1_203' title='bbox 259 3182 369 3246; x_wconf 85' lang='lat' dir='ltr'>addita</span> <span class='ocrx_word' id='word_1_204' title='bbox 392 3204 462 3247; x_wconf 90' lang='lat' dir='ltr'>esse</span> <span class='ocrx_word' id='word_1_205' title='bbox 485 3183 701 3269; x_wconf 85' lang='lat' dir='ltr'>contenditur,</span> <span class='ocrx_word' id='word_1_206' title='bbox 723 3184 772 3248; x_wconf 85' lang='lat' dir='ltr'>ita</span> <span class='ocrx_word' id='word_1_207' title='bbox 794 3188 832 3248; x_wconf 90' lang='lat' dir='ltr'>ut</span> <span class='ocrx_word' id='word_1_208' title='bbox 856 3185 897 3248; x_wconf 88' lang='lat' dir='ltr'>ad</span> <span class='ocrx_word' id='word_1_209' title='bbox 916 3184 1064 3269; x_wconf 80' lang='lat' dir='ltr'>singulos</span> <span class='ocrx_word' id='word_1_210' title='bbox 1084 3186 1287 3251; x_wconf 86' lang='lat' dir='ltr'>accusativos</span> 
     </span>
     <span class='ocr_line' id='line_1_28' title="bbox 105 3288 1287 3375; baseline 0.005 -23"><span class='ocrx_word' id='word_1_211' title='bbox 105 3288 295 3354; x_wconf 85' lang='lat' dir='ltr'>infinitivus</span> <span class='ocrx_word' id='word_1_212' title='bbox 326 3311 408 3354; x_wconf 92' lang='lat' dir='ltr'>essc</span> <span class='ocrx_word' id='word_1_213' title='bbox 442 3290 646 3374; x_wconf 81' lang='lat' dir='ltr'>suppleatur3</span> <span class='ocrx_word' id='word_1_214' title='bbox 671 3290 771 3354; x_wconf 91' lang='lat' dir='ltr'>immo</span> <span class='ocrx_word' id='word_1_215' title='bbox 800 3290 952 3375; x_wconf 90' lang='lat' dir='ltr'>apodosis</span> <span class='ocrx_word' id='word_1_216' title='bbox 985 3290 1101 3375; x_wconf 91' lang='lat' dir='ltr'>incipit</span> <span class='ocrx_word' id='word_1_217' title='bbox 1135 3292 1176 3356; x_wconf 87' lang='lat' dir='ltr'>ab</span> <span class='ocrx_word' id='word_1_218' title='bbox 1208 3314 1287 3358; x_wconf 87' lang='lat' dir='ltr'>voce</span> 
     </span>
     <span class='ocr_line' id='line_1_29' title="bbox 104 3395 1286 3482; baseline 0.003 -24"><span class='ocrx_word' id='word_1_219' title='bbox 104 3416 241 3472; x_wconf 79' lang='lat' dir='ltr'>raram;</span> <span class='ocrx_word' id='word_1_220' title='bbox 269 3395 368 3460; x_wconf 86' lang='lat' dir='ltr'>verba</span> <span class='ocrx_word' id='word_1_221' title='bbox 393 3414 484 3460; x_wconf 83' lang='lat' dir='ltr'>arma</span> <span class='ocrx_word' id='word_1_222' title='bbox 516 3397 715 3461; x_wconf 74' lang='lat' dir='ltr'>masticatis</span> <span class='ocrx_word' id='word_1_223' title='bbox 743 3419 784 3462; x_wconf 91' lang='lat' dir='ltr'>sc.</span> <span class='ocrx_word' id='word_1_224' title='bbox 803 3397 992 3462; x_wconf 88' lang='lat' dir='ltr'>habentes</span> <span class='ocrx_word' id='word_1_225' title='bbox 1011 3397 1045 3460; x_wconf 93' lang='lat' dir='ltr'>vi</span> <span class='ocrx_word' id='word_1_226' title='bbox 1069 3397 1286 3482; x_wconf 83' lang='lat' dir='ltr'>appositionis</span> 
     </span>
     <span class='ocr_line' id='line_1_30' title="bbox 105 3501 1286 3588; baseline -0.002 -23"><span class='ocrx_word' id='word_1_227' title='bbox 105 3503 204 3566; x_wconf 86' lang='lat' dir='ltr'>dicta</span> <span class='ocrx_word' id='word_1_228' title='bbox 227 3506 303 3566; x_wconf 91' lang='lat' dir='ltr'>sunt</span> <span class='ocrx_word' id='word_1_229' title='bbox 324 3502 455 3586; x_wconf 87' lang='lat' dir='ltr'>perinde</span> <span class='ocrx_word' id='word_1_230' title='bbox 477 3525 515 3567; x_wconf 90' lang='lat' dir='ltr'>ac</span> <span class='ocrx_word' id='word_1_231' title='bbox 535 3525 633 3588; x_wconf 87' lang='lat' dir='ltr'>supra</span> <span class='ocrx_word' id='word_1_232' title='bbox 647 3503 746 3568; x_wconf 89' lang='lat' dir='ltr'>verba</span> <span class='ocrx_word' id='word_1_233' title='bbox 757 3503 842 3582; x_wconf 77' lang='lat' dir='ltr'>laces</span> <span class='ocrx_word' id='word_1_234' title='bbox 855 3505 890 3568; x_wconf 87' lang='lat' dir='ltr'>ia</span> <span class='ocrx_word' id='word_1_235' title='bbox 913 3504 1066 3587; x_wconf 76' lang='lat' dir='ltr'>riraadms,</span> <span class='ocrx_word' id='word_1_236' title='bbox 1089 3501 1117 3565; x_wconf 92' lang='lat' dir='ltr'>si</span> <span class='ocrx_word' id='word_1_237' title='bbox 1140 3501 1286 3584; x_wconf 90' lang='lat' dir='ltr'>sequeris</span> 
     </span>
     <span class='ocr_line' id='line_1_31' title="bbox 103 3606 1284 3694; baseline -0.002 -22"><span class='ocrx_word' id='word_1_238' title='bbox 103 3609 235 3672; x_wconf 89' lang='lat' dir='ltr'>Heraei</span> <span class='ocrx_word' id='word_1_239' title='bbox 258 3609 575 3694; x_wconf 86' lang='lat' dir='ltr'>interpretationem,</span> <span class='ocrx_word' id='word_1_240' title='bbox 604 3632 687 3694; x_wconf 86' lang='lat' dir='ltr'>quae</span> <span class='ocrx_word' id='word_1_241' title='bbox 711 3611 886 3675; x_wconf 87' lang='lat' dir='ltr'>secundum</span> <span class='ocrx_word' id='word_1_242' title='bbox 910 3611 1068 3675; x_wconf 85' lang='lat' dir='ltr'>rationem</span> <span class='ocrx_word' id='word_1_243' title='bbox 1093 3606 1284 3692; x_wconf 84' lang='lat' dir='ltr'>grammati-</span> 
     </span>
    </p>
   </div>
   <div class='ocr_carea' id='block_1_5' title="bbox 1 3707 1419 3802">
    <p class='ocr_par' dir='ltr' id='par_1_7' title="bbox 1 3707 1419 3802">
     <span class='ocr_line' id='line_1_32' title="bbox 1 3707 1419 3802; baseline -0.004 -21"><span class='ocrx_word' id='word_1_244' title='bbox 1 3729 2 3790; x_wconf 72' lang='lat'>}</span> <span class='ocrx_word' id='word_1_245' title='bbox 102 3717 322 3800; x_wconf 86' lang='lat' dir='ltr'>camoptime</span> <span class='ocrx_word' id='word_1_246' title='bbox 342 3716 486 3800; x_wconf 87' lang='lat' dir='ltr'>quadrat.</span> <span class='ocrx_word' id='word_1_247' title='bbox 510 3753 544 3761; x_wconf 93' lang='lat'>-</span> <span class='ocrx_word' id='word_1_248' title='bbox 567 3715 697 3801; x_wconf 87' lang='lat' dir='ltr'>Reliqui</span> <span class='ocrx_word' id='word_1_249' title='bbox 717 3714 1285 3802; x_wconf 58' lang='grc' dir='ltr'><strong>0001111001ςΑ3119,50101101</strong></span> <span class='ocrx_word' id='word_1_250' title='bbox 1416 3707 1419 3714; x_wconf 68' lang='grc'><em>’</em></span> 
     </span>
    </p>
   </div>
   <div class='ocr_carea' id='block_1_6' title="bbox 1 3819 1409 3908">
    <p class='ocr_par' dir='ltr' id='par_1_8' title="bbox 1 3819 1409 3908">
     <span class='ocr_line' id='line_1_33' title="bbox 1 3819 1409 3908; baseline -0.002 -21"><span class='ocrx_word' id='word_1_251' title='bbox 1 3819 2 3894; x_wconf 68' lang='lat' dir='ltr'>J</span> <span class='ocrx_word' id='word_1_252' title='bbox 94 3845 161 3905; x_wconf 81' lang='lat' dir='ltr'>per</span> <span class='ocrx_word' id='word_1_253' title='bbox 187 3823 308 3886; x_wconf 82' lang='lat' dir='ltr'>libertos</span> <span class='ocrx_word' id='word_1_254' title='bbox 331 3843 488 3904; x_wconf 82' lang='lat' dir='ltr'>servosque</span> <span class='ocrx_word' id='word_1_255' title='bbox 504 3823 648 3906; x_wconf 78' lang='lat' dir='ltr'>publicae</span> <span class='ocrx_word' id='word_1_256' title='bbox 677 3825 738 3908; x_wconf 86' lang='lat' dir='ltr'>rai,</span> <span class='ocrx_word' id='word_1_257' title='bbox 768 3845 831 3887; x_wconf 87' lang='lat' dir='ltr'>aaa</span> <span class='ocrx_word' id='word_1_258' title='bbox 859 3824 970 3888; x_wconf 78' lang='lat' dir='ltr'>stiriiis</span> <span class='ocrx_word' id='word_1_259' title='bbox 999 3823 1132 3904; x_wconf 83' lang='lat' dir='ltr'>privatis</span> <span class='ocrx_word' id='word_1_260' title='bbox 1163 3842 1217 3887; x_wconf 86' lang='lat' dir='ltr'>uec</span> <span class='ocrx_word' id='word_1_261' title='bbox 1248 3843 1285 3886; x_wconf 82' lang='lat' dir='ltr'>ea</span> <span class='ocrx_word' id='word_1_262' title='bbox 1404 3843 1409 3850; x_wconf 92' lang='lat'>·</span> 
     </span>
    </p>
   </div>
   <div class='ocr_carea' id='block_1_7' title="bbox 2 3929 1366 4550">
    <p class='ocr_par' dir='ltr' id='par_1_9' title="bbox 1 3903 1366 4550">
     <span class='ocr_line' id='line_1_34' title="bbox 100 3929 1286 4013; baseline -0.002 -19.154"><span class='ocrx_word' id='word_1_263' title='bbox 100 3931 371 3994; x_wconf 77' lang='lat' dir='ltr'>commendatione</span> <span class='ocrx_word' id='word_1_264' title='bbox 403 3935 460 3994; x_wconf 87' lang='lat' dir='ltr'>aut</span> <span class='ocrx_word' id='word_1_265' title='bbox 489 3931 632 4012; x_wconf 79' lang='lat' dir='ltr'>precibus</span> <span class='ocrx_word' id='word_1_266' title='bbox 663 3931 867 3994; x_wconf 71' lang='lat' dir='ltr'>centuriauerat</span> <span class='ocrx_word' id='word_1_267' title='bbox 903 3930 1051 3995; x_wconf 76' lang='lat' dir='ltr'>militesve</span> <span class='ocrx_word' id='word_1_268' title='bbox 1086 3930 1195 4013; x_wconf 83' lang='lat' dir='ltr'>ascire,</span> <span class='ocrx_word' id='word_1_269' title='bbox 1232 3929 1286 3992; x_wconf 84' lang='lat' dir='ltr'>sed</span> 
     </span>
     <span class='ocr_line' id='line_1_35' title="bbox 2 4021 1283 4120; baseline -0.004 -18"><span class='ocrx_word' id='word_1_270' title='bbox 2 4021 3 4102; x_wconf 48' lang='lat' dir='ltr'>s</span> <span class='ocrx_word' id='word_1_271' title='bbox 100 4039 262 4119; x_wconf 80' lang='lat' dir='ltr'>optimam</span> <span class='ocrx_word' id='word_1_272' title='bbox 290 4057 436 4119; x_wconf 83' lang='lat' dir='ltr'>quemque</span> <span class='ocrx_word' id='word_1_273' title='bbox 463 4037 651 4118; x_wconf 77' lang='lat' dir='ltr'>fidissimam</span> <span class='ocrx_word' id='word_1_274' title='bbox 667 4043 789 4120; x_wconf 84' lang='lat' dir='ltr'>patara</span> <span class='ocrx_word' id='word_1_275' title='bbox 835 4036 911 4101; x_wconf 90' lang='lat' dir='ltr'>Non</span> <span class='ocrx_word' id='word_1_276' title='bbox 934 4036 1045 4120; x_wconf 87' lang='lat' dir='ltr'>agitur</span> <span class='ocrx_word' id='word_1_277' title='bbox 1067 4034 1219 4100; x_wconf 92' lang='lat' dir='ltr'>hocloco</span> <span class='ocrx_word' id='word_1_278' title='bbox 1244 4034 1283 4098; x_wconf 92' lang='lat' dir='ltr'>de</span> 
     </span>
     <span class='ocr_line' id='line_1_36' title="bbox 2 4141 1282 4229; baseline -0.005 -17"><span class='ocrx_word' id='word_1_279' title='bbox 2 4157 3 4212; x_wconf 62' lang='lat'>3</span> <span class='ocrx_word' id='word_1_280' title='bbox 100 4148 281 4227; x_wconf 86' lang='lat' dir='ltr'>zeugmate</span> <span class='ocrx_word' id='word_1_281' title='bbox 304 4144 364 4208; x_wconf 95' lang='grc'><strong>1110</strong></span> <span class='ocrx_word' id='word_1_282' title='bbox 394 4143 539 4228; x_wconf 84' lang='lat' dir='ltr'>vulgari,</span> <span class='ocrx_word' id='word_1_283' title='bbox 568 4166 631 4229; x_wconf 91' lang='lat' dir='ltr'>quo</span> <span class='ocrx_word' id='word_1_284' title='bbox 660 4143 752 4208; x_wconf 91' lang='grc'><strong>110110</strong></span> <span class='ocrx_word' id='word_1_285' title='bbox 779 4143 940 4227; x_wconf 87' lang='lat' dir='ltr'>generalis</span> <span class='ocrx_word' id='word_1_286' title='bbox 964 4165 1003 4206; x_wconf 84' lang='lat' dir='ltr'>ex</span> <span class='ocrx_word' id='word_1_287' title='bbox 1035 4141 1185 4225; x_wconf 89' lang='lat' dir='ltr'>speciali,</span> <span class='ocrx_word' id='word_1_288' title='bbox 1212 4141 1233 4206; x_wconf 93' lang='lat' dir='ltr'>i.</span> <span class='ocrx_word' id='word_1_289' title='bbox 1256 4163 1282 4206; x_wconf 90' lang='lat' dir='ltr'>e.</span> 
     </span>
     <span class='ocr_line' id='line_1_37' title="bbox 99 4245 1282 4336; baseline -0.003 -22"><span class='ocrx_word' id='word_1_290' title='bbox 99 4272 227 4336; x_wconf 86' lang='lat' dir='ltr'>agere</span> <span class='ocrx_word' id='word_1_291' title='bbox 251 4273 288 4314; x_wconf 87' lang='lat' dir='ltr'>ex</span> <span class='ocrx_word' id='word_1_292' title='bbox 313 4251 451 4335; x_wconf 87' lang='lat' dir='ltr'>ascire,</span> <span class='ocrx_word' id='word_1_293' title='bbox 470 4249 649 4335; x_wconf 88' lang='lat' dir='ltr'>suppletur,</span> <span class='ocrx_word' id='word_1_294' title='bbox 668 4250 754 4334; x_wconf 90' lang='lat' dir='ltr'>quod</span> <span class='ocrx_word' id='word_1_295' title='bbox 768 4248 874 4314; x_wconf 91' lang='lat' dir='ltr'>voluit</span> <span class='ocrx_word' id='word_1_296' title='bbox 893 4249 971 4314; x_wconf 88' lang='lat' dir='ltr'>olim</span> <span class='ocrx_word' id='word_1_297' title='bbox 987 4247 1112 4332; x_wconf 73' lang='lat' dir='ltr'>Koriol,</span> <span class='ocrx_word' id='word_1_298' title='bbox 1126 4245 1282 4312; x_wconf 88' lang='lat' dir='ltr'>Zeitschr.</span> 
     </span>
     <span class='ocr_line' id='line_1_38' title="bbox 97 4351 1366 4442; baseline -0.003 -20"><span class='ocrx_word' id='word_1_299' title='bbox 97 4357 124 4422; x_wconf 86' lang='lat' dir='ltr'>f.</span> <span class='ocrx_word' id='word_1_300' title='bbox 132 4362 201 4422; x_wconf 78' lang='lat' dir='ltr'>ost.</span> <span class='ocrx_word' id='word_1_301' title='bbox 213 4357 251 4422; x_wconf 87' lang='lat' dir='ltr'>G.</span> <span class='ocrx_word' id='word_1_302' title='bbox 261 4357 347 4422; x_wconf 75' lang='lat'>1870</span> <span class='ocrx_word' id='word_1_303' title='bbox 360 4381 390 4442; x_wconf 92' lang='lat' dir='ltr'>p.</span> <span class='ocrx_word' id='word_1_304' title='bbox 406 4357 461 4442; x_wconf 77' lang='lat'>343</span> <span class='ocrx_word' id='word_1_305' title='bbox 478 4356 616 4420; x_wconf 87' lang='lat' dir='ltr'>nimium</span> <span class='ocrx_word' id='word_1_306' title='bbox 636 4357 723 4421; x_wconf 91' lang='lat' dir='ltr'>enim</span> <span class='ocrx_word' id='word_1_307' title='bbox 737 4356 889 4442; x_wconf 82' lang='lat' dir='ltr'>generale</span> <span class='ocrx_word' id='word_1_308' title='bbox 903 4355 1031 4420; x_wconf 90' lang='lat' dir='ltr'>videtur</span> <span class='ocrx_word' id='word_1_309' title='bbox 1046 4353 1139 4417; x_wconf 93' lang='lat' dir='ltr'>notio</span> <span class='ocrx_word' id='word_1_310' title='bbox 1152 4374 1282 4439; x_wconf 86' lang='lat' dir='ltr'>agere,</span> <span class='ocrx_word' id='word_1_311' title='bbox 1363 4351 1366 4355; x_wconf 71' lang='grc'><strong>’</strong></span> 
     </span>
     <span class='ocr_line' id='line_1_39' title="bbox 97 4459 1282 4550; baseline -0.003 -22"><span class='ocrx_word' id='word_1_312' title='bbox 97 4487 209 4550; x_wconf 87' lang='lat' dir='ltr'>quam</span> <span class='ocrx_word' id='word_1_313' title='bbox 232 4469 271 4528; x_wconf 90' lang='lat' dir='ltr'>ut</span> <span class='ocrx_word' id='word_1_314' title='bbox 293 4486 331 4528; x_wconf 86' lang='lat' dir='ltr'>cx</span> <span class='ocrx_word' id='word_1_315' title='bbox 359 4463 491 4528; x_wconf 89' lang='lat' dir='ltr'>notione</span> <span class='ocrx_word' id='word_1_316' title='bbox 514 4467 584 4528; x_wconf 83' lang='lat' dir='ltr'>tam</span> <span class='ocrx_word' id='word_1_317' title='bbox 613 4467 753 4547; x_wconf 83' lang='lat' dir='ltr'>angusta</span> <span class='ocrx_word' id='word_1_318' title='bbox 776 4460 1014 4546; x_wconf 85' lang='lat' dir='ltr'>significatione</span> <span class='ocrx_word' id='word_1_319' title='bbox 1036 4459 1185 4544; x_wconf 87' lang='lat' dir='ltr'>praedita</span> <span class='ocrx_word' id='word_1_320' title='bbox 1207 4461 1282 4525; x_wconf 78' lang='lat' dir='ltr'>aub-</span> 
     </span>
    </p>
   </div>
   <div class='ocr_carea' id='block_1_8' title="bbox 160 4568 1068 4637">
    <p class='ocr_par' dir='ltr' id='par_1_10' title="bbox 160 4568 1068 4637">
     <span class='ocr_line' id='line_1_40' title="bbox 160 4568 1068 4637; baseline -0.003 -11"><span class='ocrx_word' id='word_1_321' title='bbox 160 4587 278 4637; x_wconf 78' lang='lat' dir='ltr'>elemm,</span> <span class='ocrx_word' id='word_1_322' title='bbox 293 4587 321 4625; x_wconf 83' lang='lat' dir='ltr'>dc</span> <span class='ocrx_word' id='word_1_323' title='bbox 336 4586 520 4634; x_wconf 68' lang='lat' dir='ltr'>breviloquentia</span> <span class='ocrx_word' id='word_1_324' title='bbox 534 4586 633 4625; x_wconf 67' lang='lat' dir='ltr'>Tacitae.</span> <span class='ocrx_word' id='word_1_325' title='bbox 1051 4568 1068 4616; x_wconf 70' lang='grc'><strong>4</strong></span> 
     </span>
    </p>
   </div>
   <div class='ocr_carea' id='block_1_9' title="bbox 0 0 1580 5222">
    <p class='ocr_par' dir='ltr' id='par_1_11' title="bbox 0 0 1580 5222">
     <span class='ocr_line' id='line_1_41' title="bbox 0 0 1580 5222; baseline 0 5"><span class='ocrx_word' id='word_1_326' title='bbox 0 0 1580 5222; x_wconf 95' lang='lat' dir='ltr'> </span> 
     </span>
    </p>
   </div>
  </div>
 </body>
</html>
