3176 5220
754 431 1000 506 240—

306 589 456 656 Sanotius
488 591 554 656 iam
586 590 607 654 l.
623 591 644 655 l.
659 588 855 675 repugnavit
885 589 945 653 tali
985 588 1203 672 distinctioni,
1240 588 1316 673 quia
1347 608 1481 670 semper

305 718 496 782 quocunque
528 697 624 761 modo
664 698 838 780 poneretur
874 696 1024 760 verbum‘
1041 715 1178 779 zeugma
1215 699 1309 759 esset.
1359 693 1480 758 Rarus-

304 803 453 888 hornius,
477 821 609 885 prorum.
629 804 681 868 lut.
694 802 742 869 ed.
757 803 789 868 ll
807 803 892 867 1830
906 826 937 887 p.
955 801 1040 867 1020
1064 823 1130 885 seq.
1148 821 1286 884 zeugma
1308 801 1343 865 in
1368 820 1481 884 gram·

306 909 443 975 maticae
466 909 590 974 formae
614 909 803 974 diversitate
827 909 971 994 positum
995 908 1043 972 ita
1066 906 1203 972 secrevit
1233 929 1252 971 a
1281 908 1391 991 figura
1415 900 1481 969 ἀπὸ

296 1017 434 1098 κοινοῦ,
458 1020 495 1080 ut
517 1016 601 1081 hanc
622 1016 759 1081 referret
777 1015 818 1080 ad
842 1038 913 1080 eam
935 1013 1213 1099 breviloquentiae
1235 1013 1393 1095 formam,
1419 1035 1485 1096 qua

305 1123 440 1187 verbum
463 1122 504 1187 ad
527 1123 622 1207 plura
644 1123 789 1188 membra
811 1123 951 1187 relatum
977 1121 1212 1206 significatione
1232 1143 1291 1184 sua
1310 1121 1422 1184 solum
1443 1118 1483 1182 ad

306 1251 406 1293 unum
438 1229 535 1314 idque
567 1229 751 1314 proximum
784 1228 972 1313 quadraret,
1009 1227 1056 1291 ita
1088 1230 1125 1291 ut
1158 1227 1198 1291 ad
1231 1230 1338 1292 cetera
1369 1224 1484 1291 simile

306 1336 528 1419 praedicatum
552 1336 768 1420 supplendum
792 1338 886 1400 esset.
923 1334 991 1398 Alii
1014 1337 1128 1398 contra
1155 1333 1251 1418 plane
1278 1335 1484 1400 commutata

307 1442 439 1508 termini
462 1442 642 1526 zeugmatis
666 1442 904 1526 significatione
922 1442 1006 1505 hanc
1023 1439 1232 1506 Ramshornii
1255 1441 1396 1524 figuram
1416 1432 1483 1501 ἀπὸ

306 1549 424 1612 κοινοῦ
439 1547 694 1634 appellaverunt,
713 1553 750 1612 ut
763 1545 922 1633 Sanctius,
935 1546 1133 1631 Perizonius,
1152 1546 1224 1630 alii3
1242 1545 1321 1610 item
1331 1537 1484 1630 plerique

307 1655 594 1740 grammaticorum
615 1659 747 1720 nostrae
772 1655 899 1720 aetatis.
944 1654 990 1720 Ut
1012 1675 1080 1718 rem
1103 1653 1246 1717 breviter
1268 1652 1484 1737 comprehen-

308 1760 421 1825 damus
455 1761 667 1826 dicendum
698 1765 759 1826 est
789 1762 940 1826 nostris
973 1759 1215 1844 temporibus
1247 1780 1413 1844 zeugma
1444 1760 1485 1822 et

307 1865 485 1951 figuram
508 1861 581 1933 ἀπὸ
605 1869 748 1933 κοινοῦ
779 1868 919 1933 dictam
949 1869 1009 1932 ita
1038 1867 1232 1950 distingui
1263 1866 1405 1951 solere,
1441 1867 1485 1928 nt
1544 1879 1549 1890 ·

307 1971 410 2037 illud
433 1973 603 2057 positum
627 1974 680 2039 sit
701 1975 743 2039 in
767 1997 823 2060 eo,
854 1976 954 2060 quod
977 1974 1136 2039 verbum
1152 1974 1331 2063 positum
1354 1972 1484 2036 distat

309 2101 328 2142 a
355 2079 477 2143 verbo
506 2079 722 2165 supplendo
751 2080 1062 2166 significatione,
1090 2081 1183 2144 haec
1214 2079 1255 2144 in
1287 2101 1346 2164 eo,
1378 2077 1483 2164 quod

309 2207 422 2250 unum
461 2186 636 2270 idemque
680 2186 837 2251 verbum
883 2188 1012 2252 eadem
1052 2185 1367 2273 significatione,
1414 2182 1482 2249 sed

309 2291 468 2356 diversa
491 2293 686 2358 interdum
708 2292 836 2358 forma
860 2293 1118 2378 grammatica
1141 2293 1201 2375 ad¹
1217 2294 1335 2378 plura
1364 2314 1481 2356 mem-

309 2398 377 2464 bra
406 2398 580 2464 refertur.
626 2397 690 2464 Sed
712 2399 788 2465 huic
811 2399 1013 2465 distinctioni
1043 2399 1116 2464 ideo
1146 2400 1395 2484 repugnandum
1422 2401 1481 2480 est,

309 2504 396 2589 quod
424 2505 507 2569 dnae
534 2505 595 2570 hae
619 2505 784 2590 notiones,
812 2529 908 2591 quae,
935 2506 1022 2591 quod
1049 2506 1090 2570 ad
1118 2492 1367 2591 etymologiam,
1393 2505 1482 2570 inter

310 2631 345 2674 se
359 2611 455 2695 plane
469 2611 688 2696 consentiunt,
707 2612 748 2675 ad
765 2633 817 2676 res
838 2611 981 2677 diversas
999 2612 1251 2696 transferuntur,
1269 2614 1317 2678 ita
1331 2617 1368 2677 ut
1384 2610 1483 2676 facile

310 2738 433 2781 errores
462 2717 598 2802 gignere
626 2717 764 2802 possint.
808 2716 913 2782 Multo
937 2719 1041 2803 igitur
1068 2719 1194 2784 cautius
1217 2718 1345 2784 Haase
1374 2718 1482 2804 egisse

309 2822 447 2908 videtur,
471 2823 526 2909 qui
549 2823 584 2888 in
603 2822 744 2889 dilucida
762 2847 820 2888 sue
840 2823 879 2888 de
897 2825 1002 2910 figura
1025 2819 1089 2889 ἀπὸ
1108 2827 1229 2890 κοινοῦ
1252 2825 1373 2910 scripta
1395 2845 1482 2890 corn-
1564 2829 1565 2832 ’

310 2929 510 2994 mentatione
525 2927 576 3015 (cf.
586 2929 713 2995 Vorles.
729 2930 777 2996 ed.
788 2930 945 2996 Eckstein
959 2931 975 2996 1
989 2954 1020 3016 p.
1030 2932 1095 2996 203
1110 2930 1190 3019 seq.)
1205 2933 1291 2997 huno
1304 2932 1482 2998 terminum
1564 3003 1565 3014 ,

309 3034 440 3099 rettulit
459 3036 500 3100 ad
519 3037 628 3100 omnia
651 3037 720 3102 eius
739 3037 1019 3123 breviloquentiae
1039 3059 1170 3124 genera,
1193 3061 1275 3124 quae
1298 3039 1407 3124 posita
1430 3038 1482 3103 est

309 3141 344 3204 in
358 3162 406 3226 eo,
419 3147 457 3206 ut
466 3142 600 3207 verbum
615 3143 747 3227 aliquod
757 3143 899 3228 plurium
914 3145 1074 3209 enuntiati
1084 3147 1302 3211 membrorum
1312 3146 1481 3231 proprium
1564 3219 1565 3228 χ

311 3245 352 3311 ad
366 3269 466 3311 unum
480 3252 609 3313 tantum
622 3249 671 3314 ita
686 3249 833 3315 additum
847 3250 901 3336 sit,
915 3255 952 3316 ut
966 3252 1007 3316 ad
1022 3255 1129 3317 cetera
1144 3243 1342 3338 suppleatur.
1374 3251 1481 3339 Magis
1564 3247 1565 3290 ἓ

311 3353 409 3417 etiam
423 3355 604 3420 laudandus
618 3356 743 3442 fuisset,
763 3357 791 3422 si
804 3358 981 3422 terminum
994 3360 1175 3443 zeugmatis
1195 3361 1236 3424 ad
1250 3382 1322 3424 eam
1341 3359 1481 3444 speciem

310 3459 407 3525 huius
425 3463 549 3547 figurae
569 3464 810 3548 appellandam,
830 3486 893 3550 qua
911 3466 1047 3530 verbum
1066 3466 1304 3550 significatione
1319 3466 1480 3532 diversum
1564 3489 1565 3512 ¹

311 3589 349 3631 ex
374 3567 439 3632 alio
461 3568 561 3635 verbo
584 3571 692 3655 posito
720 3570 900 3657 suppletur,
928 3572 1024 3656 plane
1052 3572 1233 3638 abiecisset.
1278 3573 1371 3638 Nihil
1395 3573 1480 3636 enim

311 3674 479 3757 proficitur
515 3676 637 3742 talibus
674 3677 822 3742 terminis
859 3677 924 3742 nisi
963 3701 1048 3764 rem,
1086 3680 1126 3744 ad
1159 3703 1256 3765 quarn
1288 3679 1481 3764 referuntur,
1564 3743 1565 3754 ,

311 3779 407 3863 plane
431 3784 464 3845 et
487 3781 727 3868 circumscripte
751 3783 917 3868 definiunt,
940 3784 960 3849 i.
975 3807 1000 3850 e.
1023 3785 1156 3850 termini
1177 3785 1244 3850 iam
1263 3785 1481 3870 etymologica

311 3906 372 3950 sua
395 3886 632 3972 significatione
654 3889 703 3953 ita
722 3889 926 3954 conformata
949 3912 1019 3955 esse
1043 3891 1171 3976 debent,
1194 3896 1231 3956 ut
1252 3913 1312 3957 nec
1329 3893 1404 3976 plus
1423 3911 1481 3954 nec

312 3991 418 4055 minus
442 3991 638 4080 significent,
662 4017 759 4080 quarn
782 4018 835 4061 res
858 4000 922 4082 est,
945 3997 996 4061 cui
1019 3997 1183 4063 induntur.

401 4203 464 4270 Sed
483 4205 563 4270 haec
576 4206 733 4272 hactenus
748 4208 787 4273 de
801 4208 1016 4274 terminorum
1029 4210 1169 4276 historia
1183 4233 1221 4276 ac
1235 4211 1479 4298 significatione.

312 4309 548 4386 Quaerentibus
561 4312 656 4377 nobis
670 4315 830 4397 quomodo
844 4315 915 4381 fieri
924 4317 1039 4403 possit,
1053 4322 1091 4381 ut
1103 4317 1240 4383 dicentis
1255 4318 1479 4412 cogitationes,

313 4417 374 4482 etsi
401 4418 496 4503 plene
528 4419 670 4505 propriis
704 4421 811 4486 vorbis
844 4443 1016 4508 expressae
1049 4445 1114 4490 non
1147 4425 1227 4510 sint,
1258 4429 1369 4491 tamen
1400 4425 1479 4490 ratis
