3152 5222
749 442 945 542 ‚¹3-

266 601 446 691 ἀποβλέπῃ.
470 641 508 652 -
535 603 611 668 Non
634 603 776 667 alienum
800 605 851 666 eat
878 601 919 665 ab
942 600 1005 664 hac
1026 599 1241 684 descriptione
1265 597 1435 662 notionum

266 708 433 797 βραχύτης
457 714 490 776 et
513 711 691 792 συντομία,
715 707 890 792 quodiam
914 705 1048 771 Cicero
1072 704 1132 770 sub
1160 725 1237 770 voce
1261 704 1436 770 brevitas
1565 749 1566 754 κ

267 818 416 904 intellegi
439 816 559 882 voluit:
582 815 625 882 cf.
647 815 687 879 de
710 813 853 880 invent.
870 814 890 893 ξ
909 813 966 877 32:
988 812 1119 877 brevitas
1141 817 1185 876 cst
1207 832 1278 877 arm
1299 813 1363 876 cisi
1385 831 1437 876 ne-

217 1001 218 1006 ,
267 925 435 990 cessariam
460 923 581 988 uallum
613 922 785 986 assumitur
811 920 947 1004 vatam,
975 919 1125 1003 quodque
1155 940 1289 1003 prorsus
1320 917 1437 982 iisdem

268 1030 376 1095 verbis
395 1025 881 1121 repetivitO.JuliusVictor
896 1022 1023 1111 (Halm,
1041 1025 1089 1090 rh.
1098 1025 1120 1090 l.
1130 1047 1172 1091 m.
1181 1049 1212 1110 p.
1220 1025 1303 1110 419,
1317 1021 1438 1111 31).—

268 1135 343 1202 Non
371 1137 470 1219 longe
497 1133 619 1199 recedit
646 1134 686 1198 ab
714 1133 767 1197 his
795 1130 1004 1197 Cornificii
1036 1131 1181 1196 definitio
1209 1131 1305 1196 rhet.
1323 1130 1372 1196 IV
1396 1133 1438 1196 68
1565 1169 1566 1180 .

210 1273 215 1284 ·
269 1239 333 1330 (ed.
347 1239 486 1326 Kayser)
505 1265 536 1326 p.
555 1241 633 1306 209:
660 1240 789 1304 caras
806 1243 851 1304 est
867 1259 914 1304 res
932 1239 1008 1321 ipsis
1027 1242 1148 1302 aarum
1167 1239 1254 1302 morlo
1271 1238 1369 1303 certa
1390 1259 1441 1304 ac

268 1350 410 1414 cessariis
431 1349 578 1432 capedita.
725 1371 729 1379 ¹
1565 1381 1566 1390 .

358 1471 568 1538 Manifestum
600 1474 651 1535 est
683 1491 794 1534 omnes
826 1469 887 1534 hos
920 1467 1094 1552 scriptores
1130 1467 1244 1532 tritam
1277 1468 1441 1552 quandam

271 1577 404 1643 reddere
429 1577 679 1663 descriptionem
701 1575 835 1640 illorum
858 1575 1083 1660 terminorum,
1111 1597 1193 1659 quae
1216 1574 1249 1638 in
1272 1574 1442 1639 rhetorum

271 1684 391 1750 scholis
413 1684 609 1750 Graecorum
627 1683 912 1766 Romanorumque
932 1680 1039 1746 doceri
1058 1681 1157 1745 solita
1176 1684 1239 1765 est3
1258 1680 1331 1765 quis
1342 1679 1442 1746 Grae·
1565 1677 1566 1700 ¹

271 1813 382 1856 corum
405 1789 530 1856 dicendi
554 1789 785 1876 magistrorum
809 1809 880 1852 eam
903 1787 1077 1873 invenerit,
1100 1787 1169 1852 dici⁴
1188 1808 1254 1852 non
1271 1790 1391 1872 potest.

361 1929 510 2017 Cicero,
532 1933 568 1997 dc
586 1936 663 1996 orat
682 1929 750 1993 ΙΙΙ
763 1932 817 2016 53,
839 1934 906 1995 202
925 1930 1011 1995 inter
1029 1930 1154 1995 lumina
1172 1925 1351 2016 (σχήματα)
1371 1951 1443 1994 sen·
1565 1891 1566 1920 ³

271 2037 449 2103 tentiarum
471 2060 542 2103 esse
566 2035 753 2102 distincte
782 2036 973 2102 concisam
1000 2036 1232 2102 brevitatem
1261 2037 1444 2122 contendit,

272 2143 351 2229 quid
374 2144 437 2208 sibi
460 2144 540 2210 velit
563 2165 614 2228 ea,
643 2164 709 2208 non
732 2143 834 2211 docet.
881 2143 943 2209 Sed
967 2143 1145 2231 notandum
1174 2147 1224 2208 est
1252 2140 1444 2209 Ciceronem
1565 2145 1566 2206 ἶ

271 2249 427 2314 hocloco
451 2250 644 2316 brevitatem
668 2249 708 2314 ad
736 2272 829 2315 veras
857 2249 1092 2316 sententiarum
1114 2250 1238 2334 figuras
1265 2250 1445 2336 rettulisse,
1565 2269 1566 2310 3

272 2356 307 2420 in
343 2356 427 2421 libro
465 2361 588 2442 autem,
626 2356 682 2441 qui
718 2356 906 2420 inscribitur
938 2361 1071 2421 orator
1106 2361 1162 2440 40,
1194 2361 1256 2422 139
1288 2356 1329 2420 ad
1361 2356 1444 2421 alias

273 2461 430 2527 orationis
453 2463 605 2548 virtutes,
629 2485 711 2548 quae
734 2484 792 2528 nee
815 2463 988 2528 verborum
1011 2484 1071 2527 nec
1094 2462 1329 2528 sententiarum
1349 2485 1444 2528 orna-
1565 2507 1566 2556 ,

273 2568 393 2634 mentis
402 2572 511 2634 essent
521 2567 779 2634 adnumerandae
791 2567 844 2654 (cf.
853 2568 952 2634 etiam
964 2565 1099 2646 Quintil.
1108 2568 1156 2633 IX
1168 2571 1196 2653 1,
1206 2570 1248 2634 36
1259 2565 1350 2654 seq).
1374 2568 1447 2652 Qua
1565 2557 1566 2594 ³

273 2696 308 2739 re
327 2675 545 2760 confirmatur,
578 2675 663 2760 quod
691 2674 756 2739 iam
772 2675 1039 2752 Quintilianus
1067 2679 1154 2741 recte
1173 2675 1257 2741 vidit
1272 2671 1332 2762 (IX
1347 2671 1447 2762 3‚90)‚
1565 2719 1566 2744 1

274 2781 318 2846 Μ.
330 2780 475 2845 Tullium
493 2781 614 2846 multas
632 2782 754 2868 figuras
772 2782 807 2847 in
825 2780 924 2847 tertio
945 2781 987 2847 de
1008 2785 1164 2847 oratore
1183 2780 1266 2846 libro
1286 2781 1446 2868 posuisse,
1565 2785 1566 2864 j

275 2869 354 2971 quas
377 2888 412 2952 in
435 2891 588 2953 oratore
612 2891 727 2973 postea
750 2887 871 2972 scripto
895 2889 965 2972 ipse
989 2888 1167 2955 damnaret.
1565 2879 1566 2910 ¹

365 3027 410 3094 Ut
433 3051 544 3094 omnes
567 3029 628 3094 has
652 3051 731 3116 quas
756 3027 1031 3096 consideravimus
1055 3029 1259 3096 definitiones
1282 3030 1446 3115 pertinere
1565 3021 1566 3098 l

276 3133 317 3198 ad
341 3135 512 3199 verborum
537 3135 641 3200 solam
662 3136 875 3221 brevitatem,
906 3135 1025 3221 quaid
1050 3137 1135 3221 quod
1159 3137 1324 3221 cogitatur
1347 3160 1446 3222 quam
1565 3155 1566 3232 ζ

275 3240 465 3307 brevissime
483 3242 592 3307 verbis
612 3242 830 3328 significatur,
849 3242 1075 3328 cognovimus,
1098 3243 1146 3308 ita
1158 3265 1224 3308 non
1243 3243 1447 3330 mirabimur,
1565 3243 1566 3292 l

276 3347 486 3432 quodetiam
513 3348 595 3414 illud
622 3349 901 3435 breviloquentiae
929 3369 1031 3434 genus
1061 3371 1080 3414 a
1107 3349 1271 3415 veteribus
1299 3350 1366 3415 iam
1393 3373 1447 3416 ex·
1565 3355 1566 3400 ἒ

276 3457 399 3520 cultum
427 3455 624 3542 invenimus,
656 3478 720 3541 quo
745 3455 794 3542 id,
827 3455 913 3542 quod
947 3455 988 3520 ad
1019 3455 1252 3522 obscuritatem
1278 3457 1447 3522 vitandam
1565 3463 1566 3534 ξ

275 3563 456 3628 necessarie
479 3562 542 3628 dici
565 3562 675 3649 debet,
699 3585 797 3648 quam
819 3562 1010 3630 brevissime
1035 3567 1068 3628 et
1090 3562 1254 3650 cogitatur
1282 3567 1316 3629 et
1337 3563 1447 3630 verbis
1565 3621 1566 3652 ,

277 3667 478 3753 exprimitur.
526 3729 529 3734 ,

235 3801 238 3808 ’
366 3787 532 3856 Ciceronis
564 3794 766 3878 temporibus
796 3793 979 3878 Gorgiam
1001 3790 1284 3859 Atheniensem
1317 3794 1356 3860 de
1383 3795 1448 3862 hoc
1565 3829 1566 3862 r

276 3895 507 3984 brachylogiae
526 3920 642 3984 genere
662 3898 844 3964 accuratius
863 3883 1063 3983 quaesivisse
1086 3899 1291 3986 intellegitur
1313 3924 1353 3966 ex
1371 3901 1446 3967 Ru·

276 4003 364 4069 tilii
388 4003 487 4089 Lupi
510 4004 595 4070 libro
615 4005 658 4070 de
677 4004 890 4071 schematis
910 4005 1042 4071 lexeos
1062 4006 1243 4092 composito
1263 4004 1316 4094 (cf.
1335 3991 1465 4073 Ruhn?

276 4111 341 4175 ken
363 4110 523 4195 praefatio
548 4110 588 4175 ad
607 4111 683 4177 Rut.
701 4111 780 4197 hup.
798 4136 829 4197 p.
845 4113 899 4197 103
923 4111 960 4178 G.
980 4110 1126 4197 Daialas,
1151 4114 1359 4198 quaestiones
1382 4114 1448 4180 Ru·

276 4215 411 4282 tilianae
429 4239 461 4301 p.
480 4217 514 4303 5,
534 4216 720 4283 Volkmann
734 4217 755 4284 l.
774 4217 795 4284 l.
813 4242 844 4304 p.
859 4219 938 4303 3903
961 4216 1075 4304 Halm,
1093 4218 1141 4283 rh.
1160 4219 1181 4286 l.
1201 4243 1242 4287 m.
1261 4244 1292 4306 p.
1312 4223 1332 4287 3
1352 4219 1448 4309 adn).
1565 4251 1566 4284 1

277 4321 406 4388 Primus
429 4323 486 4388 ille
501 4323 649 4390 extitisse
664 4324 806 4410 videtur,
829 4310 886 4409 qui
901 4325 1082 4390 doctrinam
1107 4325 1146 4391 de
1160 4326 1273 4413 figuris
1289 4349 1309 4391 a
1327 4324 1447 4394 Corace
1565 4345 1566 4370 ¹

278 4433 375 4514 atque
408 4428 499 4494 Tisia
532 4431 713 4517 inventam,
752 4430 828 4498 dein
863 4454 883 4497 a
912 4430 1035 4520 Gorgia
1074 4431 1234 4499 Leontino
1269 4433 1449 4500 Aristotele
