3152 5222
619 497 839 562 ..45-

128 658 293 740 reginum.
338 657 412 721 Hoc
440 658 510 722 loeo
541 659 675 723 verbum
698 658 816 742 agendi
839 679 905 722 non
930 658 996 722 nisi
1019 659 1163 723 ablativo
1193 659 1313 723 variis

132 763 308 848 proeliis
327 763 502 849 indicatum
525 763 658 829 minime
678 764 712 828 id
731 765 876 849 suppleri
895 769 1019 849 potest,
1038 766 1124 849 quod
1143 764 1312 830 Andresen

132 892 245 955 nuper
268 870 388 955 voluit,
412 892 448 934 ex
477 870 576 935 verbo
605 892 789 955 exemere,
817 871 937 955 quippe
965 871 1052 955 quod
1075 871 1314 955 significatione

131 977 274 1062 longius
309 975 410 1042 distet
441 999 460 1040 a
493 976 591 1042 verbo
627 977 756 1042 omisso.
788 1013 829 1024 -
861 977 920 1061 67,
953 977 1061 1060 10s11:
1094 999 1177 1042 uoces
1205 979 1315 1061 populi

133 1084 276 1150 blandae
302 1088 331 1148 el
358 1085 598 1166 iutempestiuue;
625 1084 713 1148 miles
739 1085 856 1148 miuuei
882 1085 1018 1159 sileuim;
1047 1083 1313 1169 -1188,1)3:

133 1192 260 1255 multoe
281 1196 311 1254 et
332 1195 447 1255 atroces
469 1192 551 1255 iuter
572 1211 604 1255 se
625 1191 761 1254 militum
783 1192 899 1275 coedes,
916 1197 990 1273 post
1009 1193 1187 1256 seditionem
1212 1192 1315 1256 Tieiui

132 1303 279 1381 coeptum
297 1302 437 1362 muueute
455 1298 607 1380 lepiouum
630 1298 880 1378 auxiliorumque
899 1299 1069 1374 cucumu-
1091 1298 1145 1362 uti
1168 1299 1314 1362 aduersus

125 1422 283 1488 pupauos
314 1405 492 1468 eertuudum
524 1403 617 1489 foret,
650 1421 806 1468 eouseusu.
861 1401 915 1470 Sic
948 1404 1207 1490 interpuugimus
1240 1427 1313 1469 cum

123 1511 276 1580 ,Halmio
300 1513 333 1575 et
354 1509 566 1596 Nipperdei0‚
592 1510 669 1594 quia
691 1509 812 1575 Heraei
839 1511 1028 1596 explicatio,
1056 1533 1120 1596 que
1142 1511 1176 1574 in
1205 1513 1313 1576 verbis

134 1621 538 1684 manente-consensu
557 1621 626 1681 arte
640 1617 727 1681 inter
741 1639 775 1682 se
790 1617 971 1683 coniunctis
986 1641 1024 1682 ex
1038 1639 1117 1682 voce
1136 1622 1313 1684 manente

133 1725 178 1790 ad
209 1725 392 1789 ablativum
421 1745 610 1789 consensu
638 1723 727 1788 aliud
755 1724 890 1789 verbum
913 1746 970 1810 per
999 1746 1134 1809 zeugma
1162 1725 1313 1810 supplere

132 1832 292 1897 iubemur
310 1827 397 1917 (fort.
410 1827 650 1916 herrscherf),
668 1831 779 1895 durior
797 1833 848 1895 est
861 1835 995 1917 propter
1009 1831 1228 1915 asyndeticam
1242 1853 1312 1897 ver-

131 1939 260 2002 borum
274 1937 472 2002 discordia
490 1937 695 2003 consensio
715 1937 1141 2008 coniunctionem—Haud
1155 1938 1313 2003 dissimile

131 2045 297 2110 iudicium
319 2043 414 2108 nobis
438 2048 488 2108 est
509 2044 693 2109 faciendum
717 2044 756 2108 de
779 2044 850 2109 loco
875 2081 915 2091 -
935 2044 1034 2129 Vm,
1048 2045 1134 2128 8s10:
1157 2051 1251 2125 utque
1272 2048 1316 2111 od

129 2151 314 2234 fallendum
337 2151 468 2235 sileutio,
490 2152 537 2214 itu
559 2156 663 2234 coeptu
685 2151 790 2232 coede,
814 2171 873 2230 quo
897 2151 974 2233 plus
1003 2153 1129 2216 terroris
1159 2153 1312 2237 adderent,

131 2263 252 2324 cuncto
286 2257 471 2321 eumarum
500 2258 675 2323 miscebunt.
725 2256 840 2342 Neque
870 2261 986 2322 cuncta
1015 2258 1146 2322 silentio
1177 2259 1312 2323 miscere

131 2367 218 2430 licet
251 2385 356 2448 neque
389 2385 428 2427 ex
460 2363 681 2429 miscebant
712 2385 770 2448 per
801 2384 938 2448 zeugma
965 2361 1019 2448 (cf.
1041 2361 1139 2449 infra)
1168 2365 1312 2449 suppleri

132 2475 253 2557 potest
290 2471 476 2556 agebunt,
512 2471 742 2555 utebantur,
779 2471 855 2555 quia
885 2471 1024 2534 nimium
1060 2470 1195 2535 interest
1228 2472 1313 2535 iuter

131 2579 257 2662 horum
271 2577 444 2642 verborum
459 2577 741 2661 significationem.
773 2576 835 2641 usi
849 2599 926 2642 vera
940 2577 1074 2641 omissio
1089 2577 1181 2641 verbi
1195 2578 1312 2662 agendi

132 2689 296 2750 excusata
322 2683 467 2748 ablativo
495 2684 624 2750 moduli
666 2681 719 2770 (cf.
737 2684 768 2750 J.
791 2683 922 2768 Miller,
949 2683 1096 2766 Beitrdpe
1121 2705 1179 2749 eur
1204 2685 1314 2749 Kritilc

129 2793 204 2857 uud
232 2791 414 2874 Erlldremp
440 2793 492 2856 des
520 2791 658 2875 Tasitis,
685 2790 865 2856 lnnsbruelr
896 2791 1031 2855 1865-
1044 2790 1141 2874 1875,
1169 2791 1245 2856 fuse.
1264 2791 1311 2857 IV

130 2923 164 2984 p.
178 2896 303 2984 43J44.)
479 2959 484 2965 .

229 3003 291 3068 An.
303 3003 383 3070 XIV
397 3005 450 3089 23,
463 3005 484 3068 9
499 3027 524 3069 s.
538 3005 635 3088 luitur
647 3005 713 3069 duu
728 3003 892 3068 Romanus
906 3004 1035 3070 diuersis
1051 3005 1179 3089 artibus,
1194 3007 1312 3072 miseri-

131 3112 247 3176 cordie
268 3112 416 3176 aduersus
437 3111 598 3196 supplices,
621 3111 772 3175 eeleritate
788 3113 936 3176 aduersus
947 3113 1110 3195 profugos,
1133 3093 1254 3179 ¹iumiiis
1272 3117 1314 3179 iis

130 3218 191 3300 qui
216 3217 350 3281 latebras
372 3219 554 3301 insederunt,
577 3235 635 3280 oru
657 3223 686 3280 ei
706 3219 808 3282 euitus
836 3238 980 3300 specuum
1006 3222 1173 3285 sarmentis
1199 3223 1313 3303 uirpul

132 3327 239 3408 usque
269 3325 429 3406 completos
457 3324 524 3406 iqm
554 3325 665 3388 ecum.
711 3322 765 3389 Sic
796 3324 915 3388 codicis
948 3326 1046 3390 verba
1081 3326 1182 3410 vulgo
1213 3328 1312 3392 inter-

133 3431 378 3516 pungebantur.
416 3429 490 3496 Iure
510 3434 619 3495 autem
637 3430 871 3515 Nipperdeium
896 3431 1069 3496 offendisse
1091 3431 1126 3495 in
1149 3455 1203 3516 eo,
1226 3435 1311 3517 quod

131 3545 204 3604 tres
220 3537 271 3602 illi
287 3537 424 3602 ablativi
439 3537 607 3626 diversi-s
623 3537 790 3622 artibus,
805 3537 1092 3622 misericordia,
1107 3539 1311 3605 eeleritate

132 3643 335 3710 insolentius
358 3647 397 3708 ul
427 3643 563 3709 ablativi
599 3643 769 3728 qualitatis
802 3643 843 3708 ad
876 3644 976 3708 verba
1009 3643 1083 3707 dux
1117 3644 1311 3720 Romanus

133 3753 344 3835 referrentur,
359 3754 497 3835 apparet
514 3751 581 3815 ium
595 3751 676 3814 satis
691 3772 730 3813 ex
749 3750 800 3834 iis,
819 3772 902 3835 quae
920 3749 1047 3834 Muller,
1065 3749 1086 3815 l.
1101 3751 1121 3815 l.
1138 3775 1169 3836 p.
1183 3752 1226 3814 39
1246 3775 1311 3837 seq.

132 3859 271 3924 uberius
296 3863 329 3921 et
343 3857 506 3943 sagaciter
525 3856 682 3941 exposuit
718 3857 906 3941 Nipperdey
928 3857 1068 3920 inseruit
1086 3879 1197 3923 vocem
1220 3882 1311 3923 usus

132 3969 215 4051 post
238 3964 395 4029 artibus
418 3963 594 4028 violentius
617 3986 714 4047 quam
738 3964 867 4028 rectius.
916 3963 1074 4047 Displicet
1102 3965 1202 4048 euim,
1225 3967 1311 4050 quod

132 4073 199 4138 hae
224 4072 349 4136 ratione
372 4070 471 4135 verba
494 4069 664 4134 diversis
688 4067 854 4152 artibus,
877 4069 1149 4136 misericordia
1167 4121 1224 4155 ...,
1251 4094 1310 4136 ce·
1362 4109 1366 4116 ·

133 4179 303 4244 leritate
321 4176 421 4243 nimis
440 4180 511 4241 arte
530 4197 602 4241 cum
622 4175 776 4240 extremis
795 4175 956 4239 immitis
971 4212 1013 4221 —
1028 4178 1158 4241 exurit
1181 4179 1311 4244 coniun-

134 4289 273 4371 guntur,
291 4288 329 4349 ut
346 4284 465 4368 quibus
483 4305 535 4347 res
553 4304 613 4346 nec
630 4282 766 4346 diversis
786 4281 911 4346 artibus
930 4303 990 4346 nee
1011 4283 1232 4348 misericordia
1252 4309 1313 4352 uec

133 4391 316 4476 eeleritate,
325 4390 382 4455 sed
393 4389 465 4454 sola
475 4388 684 4453 inelementia
695 4388 833 4473 quadam
846 4392 978 4473 peraeta
988 4389 1311 4472 comprehendantur.

1 4569 2 4572 Ἴ
134 4497 216 4562 Sine
240 4495 339 4560 dubio
362 4518 435 4560 cum
458 4494 598 4560 Millero
621 4495 917 4580 interpungendum
945 4498 1009 4558 est:
1036 4496 1134 4578 ipim
1159 4499 1226 4563 due
1247 4499 1311 4563 Ro-
