3152 5222
777 502 996 565 ,20-

392 660 609 747 Aposiopesin
632 661 718 726 inter
740 661 942 727 verbor'um
970 659 1120 746 figuras
1143 660 1340 728 habuerunt:
1367 662 1470 729 Hero·

303 770 419 834 dianus
439 766 564 855 (σχῆμα
582 767 627 855 τῷ
648 762 737 854 λόγῳ
756 764 1064 852 παρακολουθοῦν),
1083 763 1276 833 Cornificius
1290 768 1338 835 IV
1357 769 1411 855 30,
1428 770 1469 833 41

302 875 587 958 (exornationes
617 874 840 957 verborum),
863 872 1006 938 Rutilius
1039 869 1093 954 (cf.
1120 871 1256 950 Quintil.
1274 874 1322 941 IX
1341 876 1375 960 3,
1399 873 1472 962 99);

302 983 408 1047 inter
440 980 590 1066 figuras
624 980 924 1045 sententiarum:
955 979 1156 1065 Demetrius,
1188 979 1374 1046 Alexander
1401 981 1471 1046 Nu·

302 1088 416 1173 menii,
456 1086 620 1172 Tiberius,
657 1086 817 1172 Zonacus,
854 1108 1034 1170 anonymus
1056 1109 1106 1171 ap.
1126 1085 1229 1153 Walu.
1247 1087 1329 1153 VIII
1348 1113 1378 1174 p.
1399 1089 1472 1174 702,

302 1193 424 1281 Aquila
445 1193 622 1279 Romanus,
641 1192 763 1278 (licere,
782 1193 821 1258 de
834 1196 915 1258 orat.
927 1192 977 1258 III
990 1192 1054 1257 205
1072 1194 1210 1276 (lamina
1227 1195 1473 1281 camerarum),

303 1325 347 1369 or.
374 1301 437 1367 138
470 1303 665 1380 (ornamento
696 1299 946 1385 academiarum),
980 1299 1201 1376 Quintilianus
1234 1301 1307 1366 coll.
1333 1300 1417 1367 VIII
1442 1303 1473 1387 3,

302 1408 453 1475 63-85
468 1412 501 1473 et
514 1407 562 1472 IX
577 1408 611 1491 2,
634 1407 720 1470 54-
732 1407 787 1491 573
802 1444 842 1453 -
859 1407 889 1492 3,
905 1406 991 1472 58-
1003 1407 1058 1491 62,
1077 1407 1242 1492 figuram
1261 1428 1332 1473 esse
1351 1429 1472 1495 earum,

303 1537 383 1602 quac
399 1515 583 1580 dicerentur
601 1514 774 1578 colorum
800 1535 945 1598 quaeque
964 1513 1057 1599 quasi
1074 1513 1214 1598 speciem
1234 1513 1470 1579 schematum

302 1624 485 1688 dianoeas
501 1619 679 1696 efficerent.
702 1642 775 1684 cum
793 1622 922 1685 ἔννοιαι
940 1617 996 1684 καὶ
1018 1615 1237 1703 ἐνθυμήματα
1252 1619 1293 1684 ad
1312 1621 1472 1686 orationis

302 1730 445 1796 colorem
468 1730 665 1812 spectarent,
693 1725 858 1810 professus
877 1732 927 1791 est
950 1726 1132 1811 Longinus,
1152 1726 1215 1810 ‘qui
1231 1749 1282 1812 ap.
1296 1725 1473 1813 Spengell

300 1859 332 1921 p.
347 1837 412 1901 310
426 1829 658 1915 ἀποσιώπησιν
678 1853 748 1896 esse
768 1832 815 1896 ait
838 1833 945 1918 σχῆμα
964 1834 1031 1898 τῶν
1049 1831 1194 1897 Ιἐννοιῶν
1217 1829 1270 1920 (cf.
1283 1832 1472 1899 Volkmann

301 1966 332 2027 p.
340 1942 427 2027 394).
454 1939 614 2006 Similiter
628 1938 668 2002 ed
684 1939 843 2024 quendam
858 1938 1015 2005 orationis
1030 1939 1172 2005 colorem
1183 1940 1203 2002 i.
1213 1940 1286 2006 aad
1301 1941 1472 2025 proprium

301 2047 459 2114 orationis
483 2047 594 2112 ethos
618 2045 719 2112 refert
738 2067 809 2111 eam
829 2045 1051 2132 Hermogenes
1076 2042 1130 2131 (of.
1149 2044 1253 2112 Walz.
1271 2045 1323 2111 III
1345 2068 1376 2130 p.
1395 2048 1472 2133 346,

301 2153 420 2240 Speng.
438 2153 472 2219 II
495 2177 524 2239 p.
545 2153 624 2238 382,
647 2149 704 2239 26)
732 2152 767 2217 in
790 2152 889 2217 dubio
917 2153 1045 2236 relicto,
1067 2156 1177 2216 utrum
1200 2153 1307 2238 figura
1330 2135 1374 2219 sil
1400 2176 1473 2220 sen·

300 2261 477 2327 tertiarum
499 2283 542 2325 an
561 2260 747 2344 verborum,
770 2259 825 2323 sed
849 2258 961 2325 rhetor
982 2258 1036 2324 hic
1059 2281 1130 2324 eam
1153 2258 1216 2323 sibi
1236 2259 1330 2344 quasi
1347 2261 1471 2326 instru-

262 2382 265 2386 '
300 2372 445 2433 mentum
464 2367 571 2451 finxit,
591 2388 654 2452 quo
668 2367 762 2431 fieret
774 2361 876 2448 λόγος
894 2361 1088 2442 ἐνδιάθετος
1105 2362 1161 2430 καὶ
1176 2359 1220 2442 ὡς
1238 2359 1376 2449 άληθῶς
1394 2357 1472 2432 οἶον

300 2477 448 2559 ἔμψυχος
470 2470 522 2560 (cf.
544 2471 733 2538 Volkmann
751 2495 782 2556 p.
796 2471 862 2537 475
876 2493 955 2557 seq,
979 2471 1020 2538 H.
1043 2472 1236 2559 Baumgart,
1263 2473 1373 2538 Aelius
1395 2469 1474 2538 Aa

298 2582 405 2666 stides,
428 2579 563 2664 Leipzig
589 2579 675 2644 1874
694 2600 724 2661 p.
739 2578 801 2641 211
819 2575 910 2662 ατη).
953 2576 1093 2664 Apsines
1113 2602 1165 2663 ap.
1178 2579 1283 2644 Walz.
1296 2579 1347 2644 Ill
1359 2603 1388 2664 p.
1405 2579 1473 2645 500

299 2685 412 2773 (τέχνη
434 2679 619 2771 ῥητορική),
648 2681 828 2769 Spengell
848 2684 913 2749 356
932 2685 1170 2751 commendavIt
1193 2686 1401 2771 aposiopesin
1430 2686 1474 2751 ad

300 2793 477 2858 ornandam
500 2791 680 2856 orationem
705 2790 877 2875 praecipue
891 2793 1179 2878 accommodatam,
1203 2813 1275 2857 cum
1298 2792 1474 2860 inserviret
1505 2865 1510 2876 ¹

300 2879 469 2986 gravitati,
505 2896 697 2983 rettulitque
739 2920 811 2962 eam
848 2898 889 2963 ad
915 2898 1113 2963 narrationis
1147 2919 1264 2984 genus,
1298 2899 1383 2984 quod
1423 2901 1472 2966 di-

299 3007 383 3072 citur
417 2999 585 3089 παθητικὴ
628 2999 790 3087 διήγησις.
847 3002 923 3068 Alio
956 3006 1027 3070 loco
1059 3002 1123 3091 (ap.
1144 3004 1248 3071 Walz.
1268 3005 1316 3070 IX
1336 3030 1367 3091 p.
1388 3006 1474 3094 5413

299 3111 483 3198 SpengelI
503 3134 533 3195 p.
554 3107 635 3195 413)
658 3110 692 3174 in
716 3109 800 3174 libro
824 3108 899 3195 περὶ
918 3109 1206 3195 ἐσχηματισμένον
1223 3109 1473 3197 προβλημάτων

300 3242 371 3285 eam
402 3222 532 3303 tropum
558 3237 628 3282 esse
655 3215 747 3281 iubet
768 3217 858 3282 hisce
881 3217 1001 3283 verbis:
1029 3220 1098 3283 ἔστι
1125 3216 1181 3283 καὶ
1210 3217 1320 3304 ἔτερος
1346 3216 1475 3303 τρόπος

298 3318 339 3390 ὃν
364 3324 418 3389 δεῖ
437 3319 713 3408 παραλαμβάνειν
732 3325 780 3399 εἰς
801 3318 841 3388 τά
865 3323 1129 3409 ἐσχηματισμένοι
1158 3321 1240 3390 κατὰ
1264 3322 1473 3409 παράλειψιν

297 3428 352 3498 καὶ
375 3424 618 3514 άποσιάπησιν.
667 3427 781 3495 Veris
810 3430 935 3516 tropis
963 3431 1053 3495 solus
1081 3430 1215 3517 Trypho
1243 3432 1474 3501 adnumeravit

298 3538 513 3624 aposiopesin.

385 3645 451 3711 Jul.
472 3644 591 3711 Caesar
610 3643 768 3731 Scaliger,
791 3645 907 3729 politio.
927 3645 977 3711 llI
997 3668 1028 3729 p.
1043 3644 1108 3709 344
1121 3667 1145 3708 s.
1160 3641 1223 3730 (ed.
1247 3642 1345 3732 1594)
1369 3665 1472 3730 gene-

298 3751 396 3816 ratim
421 3751 500 3815 dicit
523 3751 731 3836 aposiopesin
755 3773 825 3817 esse
849 3751 918 3817 eius
941 3751 1119 3842 figprarum
1144 3751 1285 3836 generis,
1306 3774 1387 3834 quoe
1408 3757 1474 3820 mi-

296 3877 356 3923 nas
381 3858 488 3922 dicant
512 3877 607 3939 qaum
626 3879 687 3940 pro
712 3879 763 3934 re;
796 3858 830 3922 in
857 3858 1021 3942 propriam
1055 3859 1124 3923 eius
1154 3859 1219 3924 vim
1249 3881 1287 3924 ac
1315 3864 1472 3928 naturam

297 3986 363 4029 non
382 3962 519 4047 inquirit
543 3967 575 4028 et
599 3963 795 4028 satisfecisse
820 3963 882 4028 sibi
901 3963 1030 4029 videtur
1052 3964 1216 4030 distinctis
1240 3988 1278 4030 ex
1302 3966 1388 4042 notis
1413 3991 1473 4034 cx-

297 4070 456 4135 trinsecus
491 4069 632 4156 sumptis
671 4069 840 4154 speciebus
871 4070 1051 4157 nonnullis,
1083 4089 1164 4156 quas
1200 4073 1345 4158 appellat
1376 4075 1473 4140 sub-

296 4176 517 4262 ticentiam,
552 4176 813 4262 reticentiam,
850 4177 1121 4264 abscisionem,
1159 4179 1474 4270 suspensionem,

297 4282 592 4368 praecisionem
629 4283 769 4348 termino
799 4281 1050 4368 παρασιάπησις
1086 4285 1331 4369 comprehendit
1368 4286 1473 4354 inter-
1565 4345 1566 4364 ,

296 4388 495 4474 ruptionem,
545 4412 609 4474 qua
655 4390 778 4475 aliquid
831 4391 1005 4474 interropta
1045 4393 1183 4457 oratioue
1223 4392 1381 4459 subdatur.
1425 4431 1471 4444 —

298 4493 449 4560 Sanctius
473 4495 680 4580 aposiopesin
698 4497 837 4584 speciem
854 4496 1015 4581 quemdam
1032 4496 1175 4564 defectus
1190 4498 1382 4586 dictionum,
1404 4499 1426 4565 i.
1444 4525 1474 4569 e.
