3158 5226
376 971 608 1075 conspectus
635 993 769 1055 rerum
796 972 1063 1056 6666666616ι

134 1276 387 1329 Praemittends:
1251 1289 1302 1329 use·

170 1363 211 1418 De
230 1363 344 1435 scriptis
363 1363 464 1432 quibus
483 1363 577 1433 agitur
595 1363 629 1418 de
648 1362 739 1418 Taciti
756 1361 982 1432 breviloquentia
1000 1404 1230 1421 ......
1287 1374 1300 1420 1

170 1453 308 1507 Excursns
332 1454 367 1508 de
386 1452 592 1523 significatione
611 1454 695 1522 atque
714 1450 834 1506 historia
855 1449 1038 1506 terminorum
1057 1453 1232 1521 quorundam

222 1542 259 1596 ad
274 1559 321 1597 ecs
336 1541 449 1597 dicendi
462 1542 566 1597 formas
576 1540 789 1613 pertinentium,
805 1557 876 1610 quae
886 1540 957 1595 fiunt
967 1557 1018 1611 per
1027 1541 1231 1597 detractionem
1285 1550 1301 1599 5

253 1651 273 1706 I.
292 1649 338 1704 De
360 1649 536 1705 brevitate
559 1644 752 1722 (βραχύτης)
777 1650 811 1702 et
832 1647 1094 1719 brachylogia.
1134 1693 1140 1705 .
1179 1693 1185 1705 .
1223 1693 1230 1705 .
1285 1657 1301 1706 6

239 1739 273 1793 ΙΙ.
293 1738 339 1794 De
362 1737 562 1810 aposiopesi
604 1779 1229 1794 ...............
1268 1746 1300 1793 12

226 1827 273 1882 [Π.
292 1827 338 1882 De
362 1827 483 1898 ellipsi
511 1869 1229 1884 .................
1267 1835 1300 1882 22

330 1924 353 1972 1.
372 1933 443 1985 quae
462 1917 498 1971 ad
517 1916 667 1971 verborum
684 1916 802 1970 formam
822 1957 1229 1972 ..........
1266 1923 1300 1971 22

328 2011 352 2061 2.
372 2022 444 2075 quae
462 2006 498 2059 ad
517 2004 647 2075 syntaxim
665 2003 789 2076 pertinet
823 2045 1228 2061 ..........
1266 2011 1301 2059 24

226 2094 272 2150 IV.
292 2095 338 2149 De
357 2093 473 2164 figura
491 2089 556 2150 ciui
577 2095 696 2149 κοινοῦ
718 2096 751 2149 et
769 2093 809 2148 de
828 2095 1004 2163 zeugmate
1045 2134 1228 2150 .....
1266 2101 1300 2150 38

339 2276 387 2326 De
404 2275 577 2328 verborum
595 2274 768 2326 omissione
785 2275 839 2325 vel
857 2273 1094 2336 suppressione.

131 2378 318 2434 Generalis
341 2381 505 2449 quaedam
553 2420 737 2435 .....
768 2372 778 2391 ‘
776 2419 1228 2434 ...........
1264 2387 1299 2435 42

167 2492 220 2552 61.
237 2467 362 2541 Verbum
381 2485 532 2553 omittitur,
552 2486 618 2554 quia
636 2485 705 2540 satis
722 2485 864 2540 indicatur

329 2582 351 2631 1.
372 2574 536 2630 adverbio
560 2575 702 2645 quodam
730 2613 1225 2630 ............
1263 2582 1298 2631 43

326 2671 349 2719 2.
370 2663 526 2719 ablativo
550 2664 640 2719 modi
685 2704 1048 2719 .........
1058 2670 1093 2720 '.
1131 2707 1138 2720 .
1175 2705 1183 2718 .
1220 2706 1226 2720 .
1263 2670 1298 2718 44

326 2760 350 2807 6.
371 2753 570 2808 accusativo
595 2751 725 2807 obiecti

404 2845 432 2912 a)
451 2843 603 2897 accedente
626 2841 741 2896 notione
763 2839 871 2894 moduli
893 2840 940 2895 vel
962 2839 1086 2896 dictione
1107 2856 1226 2911 praepo-

452 2929 590 2996 sitionali3
642 2970 1225 2986 ..............
1262 2937 1297 2985 4'1

404 3021 434 3091 b)
454 3021 514 3075 solo
533 3017 695 3075 accusativo
715 3017 819 3073 obiecti
865 3060 1227 3075 .........
1263 3025 1298 3075 60

324 3116 349 3163 4.
368 3106 664 3180 praepositionali
682 3106 836 3163 dictione
863 3149 1224 3164 .........
1263 3115 1297 3165 bt

325 3205 349 3254 5.
369 3215 449 3258 casu
473 3197 626 3268 obliquo,
650 3213 733 3267 quem
752 3196 877 3265 sequitur
895 3195 985 3251 oratio
1004 3195 1136 3265 obliqua.
1174 3239 1180 3251 .
1217 3238 1224 3251 .
1262 3204 1297 3253 60

166 3311 218 3371 §a
237 3304 284 3359 De
310 3303 504 3370 enuntiatis
527 3303 691 3359 brevibus
714 3306 857 3375 propter
879 3302 1050 3359 orationis
1074 3303 1227 3374 vigorem

288 3392 565 3463 gravitatemque
596 3432 1224 3449 ...............
1262 3399 1296 3448 60

234 3482 277 3537 De
296 3481 449 3536 enuntiatis
468 3482 503 3536 ab
522 3481 595 3536 binc
613 3480 683 3536 tnde
701 3480 782 3536 unde
800 3480 1000 3552 incipientibus
1041 3521 1224 3535 .....
1262 3487 1295 3536 62

164 3595 218 3655 63.
236 3587 421 3654 Quaeritur
445 3605 509 3659 qua
526 3587 662 3643 ratione
681 3585 822 3642 Tacitus
841 3586 1031 3642 orationem
1050 3586 1225 3655 obliquam

287 3678 491 3747 pendentem
514 3676 640 3732 fecerit
662 3694 700 3732 ex
722 3675 863 3731 notione
887 3674 1023 3746 regenti
1038 3718 1223 3732 .....
1261 3682 1294 3731 66

340 3785 381 3839 Ι)6
401 3784 527 3840 oratione
546 3784 661 3855 obliqua

248 3875 267 3927 I.
287 3873 400 3928 verbis
424 3874 599 3943 adiuncta;

325 3971 348 4019 1.
368 3963 494 4034 sequitur
507 3982 540 4020 ea
555 3964 730 4020 enuntiatum
744 3959 1011 4033 primariumverbie
1021 3960 1223 4030 sententiisque

365 4054 534 4110 absolutum.
571 4054 629 4108 Aut
647 4054 721 4108 enim

393 4146 425 4200 A.
445 4144 475 4199 in
488 4142 651 4216 praedicato
667 4145 744 4197 extat
757 4142 874 4197 verbum
888 4139 1000 4196 dicendi
1014 4141 1060 4195 vel
1073 4138 1222 4207 sentiendi,

447 4252 480 4289 ex
508 4250 562 4302 quo
587 4231 663 4302 ipso,
690 4248 753 4284 cum
777 4231 905 4285 absolute
930 4228 1055 4301 positum
1079 4227 1223 4300 propriam

447 4318 585 4377 enuntiati
607 4317 650 4373 sui
673 4319 842 4376 sententiam
864 4319 967 4374 reddat
983 4319 1108 4390 plenam,
1132 4317 1222 4373 oratio

446 4426 517 4478 quae
537 4405 663 4476 sequitur
678 4406 793 4477 obliqua
805 4424 862 4461 non
874 4409 991 4479 pendet;
1011 4408 1165 4463 secundum
1178 4424 1221 4461 ra-

350 4559 356 4571 )
445 4498 551 4552 tionem
579 4495 790 4564 grammaticam
819 4498 869 4549 aut
893 4495 984 4566 ipsum
1010 4495 1081 4550 illud
1105 4495 1221 4550 verbum
