3158 5226
558 421 776 536 ..¹81-

34 659 36 752 p
113 629 223 714 budam,
244 632 324 712 quod
346 630 526 696 Germanici
549 636 683 714 nepotem
700 651 800 696 seeum
819 630 958 716 traheret,
981 633 1110 715 drpmrnn
1122 653 1254 713 prorsus

34 774 35 807 r
114 737 283 818 imperatoria
309 738 457 818 fortuna:
492 739 618 821 stirpem
653 737 784 803 nobilem
812 743 841 802 et
866 739 1010 818 familiae
1031 739 1136 804 Iuliae
1165 736 1252 825 (odd.

111 840 340 929 Freinshemius)
365 842 575 927 Claudiaeque
590 850 729 928 posteros
756 847 963 930 mnirruperct,
990 867 1029 909 ne
1056 846 1176 926 semina
1203 867 1252 910 en·

106 954 190 1029 perlae
207 951 412 1037 fecunditatis,
434 953 555 1034 intepra
576 952 709 1036 inuenta,
731 951 947 1016 claritudinem
965 951 1134 1018 Gaesarm
1156 953 1254 1033 aluam

109 1058 134 1118 in
156 1057 270 1121 domum
297 1058 409 1138 ferret;
441 1095 474 1104 -
496 1055 663 1142 ι111111,
691 1059 803 1141 lseq.:
842 1057 993 1122 adiciebat
1027 1059 1161 1123 crimino
1191 1060 1254 1125 lon·

106 1163 160 1242 p'us
190 1165 327 1248 repetita,
356 1166 457 1246 quod.
476 1213 482 1226 .
504 1163 732 1246 pensumque)
761 1165 839 1228 uiris
868 1165 1050 1229 inlustribus
1078 1167 1254 1230 struarssel:

107 1274 199 1348 punto
225 1291 280 1335 sno
312 1270 413 1335 labore
435 1275 657 1355 perpetratam,
678 1291 735 1346 ne,·
763 1307 796 1316 —
823 1267 959 1335 Accedit
987 1270 1095 1336 forms
1116 1271 1254 1337 interro·

106 1375 225 1460 gationis
251 1376 448 1442 rhetoricae:
466 1375 528 1440 An.
543 1375 593 1441 III
607 1377 660 1461 44,
675 1377 695 1440 6
710 1394 791 1459 seq.:
814 1377 1069 1460 increpabantque
1089 1378 1253 1462 Tiberium,

105 1485 168 1562 poa
185 1485 219 1548 in
241 1488 327 1549 tanto
350 1504 454 1548 rerum
472 1487 556 1547 motu
575 1482 684 1548 libellis
701 1487 915 1548 commotorum
932 1484 1099 1548 insumeret
1115 1504 1253 1568 operam:

104 1609 136 1651 an
160 1588 356 1655 Samarium
391 1573 562 1654 maiestates
598 1591 728 1654 crimine
762 1610 850 1653 reum
886 1591 921 1654 in
952 1589 1062 1655 senatu
1088 1592 1183 1671 fore?
1212 1629 1252 1640 -—

104 1692 191 1760 Semel
212 1697 347 1761 Tacitus
371 1697 411 1762 sd
434 1695 593 1760 eiusmodi
617 1695 835 1780 enuntiatum,
868 1695 931 1760 etsi
953 1696 1019 1760 iam
1049 1697 1084 1761 in
1107 1698 1253 1764 oratioue

102 1801 194 1887 eliqua
229 1804 376 1889 positum
411 1802 491 1888 fuit,
535 1823 654 1866 novam
692 1801 818 1866 addidit
855 1805 1036 1868 orationem
1073 1804 1254 1889 obliquam:

102 1907 259 1996 umes,
280 1910 339 1974 23:
362 1956 388 1974 ..
408 1929 477 1974 cnm
508 1909 670 1990 sepnitmm
705 1908 841 1973 Neronis
874 1910 1045 1994 inuiseres,
1083 1913 1165 1992 quod
1195 1932 1254 1993 per

99 2016 219 2097 s'rrpulas
241 2019 348 2081 domos
368 2035 456 2097 seque
482 2021 511 2079 et
538 2015 685 2080 delatores
705 2014 871 2097 fatrparet:
893 2036 985 2098 posse
1011 2017 1190 2082 universnm
1211 2039 1254 2083 se-

100 2126 190 2185 natum
217 2144 286 2188 ano
319 2141 387 2187 voce
415 2121 554 2186 subuerti.
588 2157 618 2165 -—
655 2119 853 2186 Insolentius
884 2122 992 2187 locum
1021 2122 1182 2189 enuntiati
1212 2125 1253 2190 ab

99 2229 182 2309 quod
209 2229 398 2314 incipientis
420 2231 511 2293 tenet
531 2226 740 2312 participium
762 2228 985 2294 coniunctum:
1005 2228 1199 2314 mxvii),
1213 2231 1253 2294 14

100 2354 165 2418 seq.:
193 2356 272 2418 qnos
294 2334 493 2421 (animorum
512 2330 635 2418 motus)
658 2334 789 2416 aupebat
809 2335 906 2399 insita
930 2334 1031 2400 adbuc
1055 2336 1152 2412 oculis
1169 2357 1252 2401 ener-

97 2442 195 2506 citunm
224 2442 443 2507 Ronmnornm
477 2442 580 2506 caedes
615 2445 672 2503 ant
699 2440 830 2505 obsidio:
864 2447 899 2505 ol
925 2461 1009 2506 nune
1037 2462 1137 2508 uersos
1165 2463 1254 2508 casus

97 2551 122 2610 ct
133 2570 158 2632 q.
172 2571 195 2614 s.
229 2584 269 2593 -
302 2547 460 2613 Similiter
491 2552 542 2612 est
570 2545 628 2610 ubi
658 2547 813 2612 accedunt
843 2547 882 2612 ad
913 2547 1121 2633 participium
1149 2549 1252 2614 nomi·

96 2656 182 2719 nativi
204 2655 488 2720 substantivorum
518 2656 552 2719 et
581 2653 829 2718 adiectivorum:
859 2653 920 2718 An.
936 2655 951 2719 I
969 2655 1018 2738 10,
1036 2655 1075 2718 19
1091 2676 1172 2740 seq.:
1201 2676 1255 2720 nec

94 2759 252 2838 donrcsticis
283 2762 508 2827 absbuebatur:
538 2760 775 2845 (incusabatum
807 2759 846 2824 cf.
865 2759 950 2824 infra
971 2785 1001 2846 p.
1019 2758 1095 2846 105)
1125 2763 1255 2827 abducta

95 2866 199 2934 Neroni
216 2889 300 2933 moror
317 2873 347 2934 et
363 2869 494 2934 consulti
509 2887 565 2949 per
583 2866 751 2931 ludibrium
762 2867 925 2950 pontifices
942 2888 987 2931 an
1000 2918 1024 2932 ..
1038 2868 1097 2931 rite
1114 2868 1253 2946 nuberet·

94 2972 166 3051 cr
186 2976 279 3040 Tedii
307 2979 336 3039 et
363 2975 450 3040 Vedii
471 2973 625 3039 Pollionis
652 2975 761 3049 lnons;
782 2978 937 3056 postremo
959 2974 1053 3038 Irioia
1081 2975 1188 3057 procis
1218 2976 1254 3040 in

92 3099 144 3142 ren
167 3081 330 3163 publicam
361 3087 473 3166 crater,
507 3082 614 3163 proms
650 3081 756 3144 dmnui
787 3078 957 3145 &aarum
991 3101 1137 3146 nocerem
1173 3081 1254 3147 nibil

91 3187 202 3252 leonem
226 3187 394 3253 bonoribus
416 3188 570 3270 relictum,
599 3207 668 3252 cnm
697 3207 729 3251 se
758 3187 877 3269 templis
906 3192 934 3250 et
962 3186 1064 3270 effipia
1087 3189 1254 3252 numinum

87 3312 134 3371 per
152 3295 300 3375 flamines
320 3300 350 3359 et
370 3295 538 3360 sacerdotes
567 3294 625 3358 coli
653 3293 756 3369 cellet;
785 3329 828 3340 -
856 3294 909 3377 36,
923 3295 960 3359 4:
989 3294 1120 3376 oupebat
1140 3299 1254 3359 metum

87 3419 195 3478 onmes
217 3400 382 3465 Rorianae
403 3401 562 3466 seditionis
584 3405 625 3484 et,
656 3402 686 3465 si
714 3401 915 3484 omitteretur,
947 3401 1113 3465 invasoris
1141 3401 1253 3466 naeu.-

89 3509 163 3572 atsi
188 3508 315 3572 ancilia
338 3512 367 3571 et
387 3509 462 3572 mcii
488 3509 650 3572 adoersrnn
676 3506 861 3571 abscedentes
890 3507 1020 3590 leyimres
1045 3511 1254 3592 conarentur,

87 3613 164 3678 daile
192 3613 307 3678 bellum
335 3615 464 3696 suscipi;
496 3649 539 3660 —
569 3614 627 3698 47,
646 3613 761 3697 3seq.:
790 3613 890 3678 multo
922 3614 1032 3695 qnippe
1067 3617 1096 3676 et
1132 3614 1254 3678 dicasa

86 3721 252 3802 anpebant:
281 3721 414 3784 ualidior
429 3741 490 3803 per
508 3720 712 3786 (dornoniam
733 3721 895 3804 acernus,
916 3720 1045 3802 propior
1066 3720 1152 3802 apud
1167 3719 1253 3785 Pon

86 3829 225 3912 noninm3
248 3827 301 3892 ille
322 3825 503 3892 Galliarum
531 3827 637 3910 opibus
665 3827 831 3909 srrbnians,
859 3826 909 3891 bic
930 3826 1046 3890 Italiae
1072 3826 1254 3892 imminens:

85 3953 151 4012 qnos
172 3935 275 4017 opiter
297 3932 546 4014 anlefemet?.—-
571 3931 647 3997 Non
669 3933 765 3998 aliter
787 3933 941 4016 explicari
963 3932 1060 3997 debet
1082 3933 1173 3997 locus
1193 3933 1254 3998 An.
1342 3981 1348 3988 -

85 4036 158 4104 XIII
172 4041 232 4125 42,
253 4041 273 4103 8
295 4061 377 4124 scq.:
407 4041 463 4104 ubi
492 4043 569 4123 post
598 4038 732 4103 verbum
762 4039 964 4124 increpare
993 4039 1066 4103 loco
1091 4039 1253 4103 enuntiati

85 4145 118 4208 ab
159 4147 266 4232 quod
306 4146 491 4231 incipientis
528 4135 732 4210 accusativus
769 4145 989 4228 praedicative
1025 4145 1152 4230 positus
1189 4149 1253 4209 est:

84 4271 130 4316 nec
157 4252 298 4318 Suillius
326 4259 432 4335 questu
467 4257 522 4316 ont
550 4251 782 4334 exprobratione
810 4251 1017 4316 abstinebat..
1031 4249 1177 4315 Serreeom
1203 4253 1253 4316 in-

28 4391 30 4506 ,
82 4378 207 4441 crepans
230 4360 388 4451 infensum
414 4359 524 4423 amicis
546 4357 692 4444 Claudii,
720 4358 776 4422 snb
804 4378 863 4439 quo
893 4357 1098 4422 iustissimnm
1125 4359 1254 4424 eailirm

76 4468 269 4545 pertulisset:
291 4466 387 4530 simnl
408 4465 520 4530 studiis
541 4465 689 4529 inertibus
711 4469 740 4529 el
764 4466 909 4528 inccnnm
935 4465 1108 4545 inperitiae
1133 4469 1253 4530 meur

129 4590 251 4638 (tiorum,
264 4589 293 4627 dc
308 4588 492 4636 breviloquentia
505 4588 606 4627 Tscttea.
1023 4573 1040 4622 6
