3152 5222
570 466 790 529 ..21-

26 635 27 660 ³
114 621 247 705 ellipseos
272 644 345 686 esse
370 624 488 709 voluit,
516 628 645 689 secutus
675 624 934 710 adnotationem,
962 647 1059 708 quam
1093 626 1265 710 proposuit
1333 634 1340 647 “

114 726 244 816 Donatus
267 728 309 792 ad
333 728 564 795 Terentianum
587 730 685 794 illud:
707 752 797 813 epoae
819 731 921 815 illam,
944 751 1023 813 qaue
1046 732 1159 797 illum?
1187 753 1265 813 quac

112 834 171 898 me?
193 856 266 917 puae
288 835 374 900 noa?
418 837 526 902 verbis
549 837 665 919 ellipsis
687 842 731 902 cst
756 842 784 901 et
805 839 1003 920 aposiopesis,
1027 861 1109 922 quae
1133 839 1264 923 quidem

112 938 244 1006 Sanctius
275 964 377 1027 aeque
400 943 634 1028 interpretatus
658 947 722 1028 est,
750 944 843 1029 quasi
866 943 922 1008 ille
950 944 1087 1009 dixisset
1110 947 1150 1010 ad
1174 946 1264 1034 leges

110 1048 325 1131 grammaticas
353 1071 422 1114 esse
455 1050 586 1134 ellipsin
613 1072 743 1135 vocum,
775 1051 817 1116 ad
848 1051 1027 1116 rhetoricas
1056 1051 1264 1138 aposiopesin

110 1151 126 1218 i.
146 1175 168 1217 e.
190 1154 396 1221 retinentium
421 1160 454 1222 et
477 1157 705 1242 abruptionem
729 1157 897 1222 sermonis.
915 1191 944 1202 -
971 1157 1033 1222 sed
1058 1158 1139 1222 satis
1154 1155 1263 1244 patet,

109 1282 163 1342 qua
182 1260 302 1326 fuerint
324 1263 376 1327 illi
405 1263 503 1328 medii
532 1265 603 1329 aevi
632 1263 838 1348 grammatici
861 1263 1081 1347 imprudentia
1109 1269 1142 1330 et
1170 1266 1263 1350 quasi

109 1367 247 1434 caecitate
269 1369 305 1432 in
330 1369 487 1434 eiusmodi
509 1370 605 1434 rebus
628 1369 851 1436 diiudicandis.
896 1368 1025 1435 Primus
1050 1371 1138 1437 God.
1167 1371 1261 1437 Her·

26 1551 27 1554 Ἴ
107 1495 251 1539 mannus
279 1476 362 1559 op.I
383 1498 412 1559 p.
430 1476 611 1541 151-153
639 1500 703 1562 qua
730 1482 800 1542 erat
827 1477 1005 1563 sagacitate
1033 1478 1262 1563 aposiopeseos

26 1631 27 1650 ,
108 1579 253 1646 ambitum
276 1582 363 1646 iuste
386 1583 647 1668 circumscripsit.
692 1583 803 1649 Verba
830 1589 919 1650 sunt:
1002 1591 1129 1668 propter
1155 1587 1262 1650 corios

107 1686 437 1776 caussas(of.p.152)
461 1690 786 1769 ariomanitarum
812 1691 1022 1776 omicarpdur,
1049 1712 1128 1772 quoe
1157 1694 1261 1776 fipura

106 1799 218 1857 uocatur
239 1797 433 1878 aposiopesis.
451 1832 496 1841 -
515 1796 557 1860 ib.
572 1819 602 1880 p.
618 1796 696 1862 153:
785 1798 820 1861 ia
842 1818 914 1862 cero
936 1799 1036 1882 ellipsi
1057 1801 1092 1863 id
1111 1801 1193 1882 quod
1213 1801 1261 1864 ia·

107 1899 192 1982 allepi
211 1901 284 1966 solet
306 1920 462 1981 pascuum
485 1903 615 1967 dicitur:
648 1905 833 1986 aposiopesis
856 1925 888 1969 eo
916 1906 1038 1986 quidem
1065 1926 1134 1970 acm
1160 1906 1261 1988 clipei

105 2009 240 2093 conuenit,
267 2009 350 2086 quod
370 2009 405 2072 ia
427 2014 559 2088 atroque
582 2011 705 2088 aliquid
721 2027 853 2092 prorsus
874 2013 1039 2098 omittitur,
1062 2014 1115 2077 sed
1139 2013 1261 2078 diversa

104 2118 140 2175 cst
162 2115 201 2177 oli
222 2115 322 2198 ellrpsi
344 2135 386 2200 co,
410 2117 491 2195 qood
513 2116 547 2180 ia
570 2117 669 2198 ellipsi
692 2115 816 2196 aliquid
836 2117 872 2181 ol
898 2117 1051 2182 rationem
1074 2121 1259 2202 promurali-

103 2239 171 2303 com,
195 2222 228 2286 iu
250 2222 421 2306 aposiopesi
450 2221 485 2286 od
505 2221 691 2288 rhetoricum
717 2225 870 2288 rationem
892 2223 985 2288 abest.
1021 2225 1166 2290 Dicimus
1188 2248 1259 2291 vero

101 2329 328 2406 pammaticom
349 2330 515 2414 rationem,
539 2348 603 2409 qao
626 2330 749 2411 aliquid
769 2330 813 2394 sic
835 2332 878 2395 ad
898 2333 1081 2396 scatentium
1107 2333 1198 2410 deest,
1214 2329 1261 2396 ‘ut

103 2435 190 2499 oratio
211 2436 254 2499 ad
274 2455 365 2500 assim
389 2436 513 2518 liupana
536 2437 656 2519 intepra
678 2436 836 2521 doleatur,
858 2436 1040 2502 rictorimm
1061 2443 1172 2522 cunm,
1196 2457 1259 2517 occo

102 2540 148 2624 sic,
168 2546 206 2605 ut
225 2563 264 2606 ae
286 2543 329 2606 ud
346 2544 585 2625 procurantium
609 2544 731 2622 quidm
753 2564 845 2608 mam
863 2544 961 2608 aare
984 2547 1104 2627 iatepro
1122 2545 1171 2612 sit.
1207 2545 1258 2609 ln·

102 2647 228 2730 tegritas
251 2651 361 2714 autern
388 2649 544 2713 orationis
574 2649 749 2714 secundum
771 2649 952 2715 Hermanni
978 2639 1159 2717 doctrinam
1186 2673 1258 2736 per-

102 2752 211 2840 ficitur,
233 2755 262 2819 si
274 2755 383 2819 omnia
400 2754 561 2841 dicuntur,
575 2777 658 2840 quae
674 2756 746 2842 quis
761 2755 900 2842 eogitari
915 2756 995 2821 velit
1007 2754 1109 2843 (ciib.
1119 2782 1149 2843 p.
1167 2755 1259 2845 151);

26 2901 27 2904 κ
101 2860 299 2952 manifestum
321 2861 424 2948 igitur
446 2866 497 2927 est
519 2862 651 2947 ellipsin
674 2885 745 2928 esse
768 2883 839 2928 eam
863 2862 989 2928 dicendi
1010 2863 1164 2951 formam,
1194 2888 1258 2950 qua

101 2969 200 3032 orator
230 2990 268 3032 ea
306 2990 388 3053 quae
421 2968 580 3053 cogitavit
608 2969 657 3034 ita
685 2969 778 3056 dicit,
809 2974 860 3056 ut,
894 2971 957 3035 etsi
987 2969 1117 3056 singula
1147 2972 1255 3058 singu·

101 3070 134 3136 lis
155 3075 359 3160 propriisque
383 3074 489 3139 verbis
517 3097 583 3140 non
614 3076 710 3160 plane
740 3075 904 3162 exprimit,
932 3081 1043 3142 tamen
1074 3078 1184 3142 omnia
1216 3079 1257 3143 ab

100 3179 295 3246 audientibus
314 3181 548 3266 percipiantur,
567 3204 631 3266 quo
650 3183 697 3267 fit,
715 3186 752 3247 ut
770 3204 836 3247 non
850 3183 994 3248 defectus
1013 3185 1258 3271 sententiarum,

99 3285 147 3348 sed
164 3287 256 3352 solus
272 3287 416 3353 defectus
436 3289 606 3374 orationis,
629 3289 649 3353 i.
669 3289 896 3375 acerborum,
919 3289 1028 3375 ellipsi
1051 3291 1257 3376 admittatur3

98 3393 294 3479 aposiopesin
317 3399 427 3460 autem
451 3416 531 3481 eam,
554 3418 618 3481 qua
639 3417 699 3460 neo
721 3395 829 3461 verbis
851 3418 911 3462 neo
933 3397 1103 3462 sententiis
1122 3397 1257 3482 integri-

98 3500 191 3564 tatem
212 3500 305 3565 illam
328 3501 538 3587 consequitur
561 3506 672 3567 orator
695 3502 843 3568 oratione
869 3503 918 3567 ita
940 3503 1136 3588 interrupta,
1164 3507 1200 3568 ut
1223 3507 1257 3568 et

96 3607 261 3672 verborum
284 3612 317 3673 et
341 3607 574 3674 sententiarum
597 3609 717 3673 existat
741 3608 892 3674 defectus.
929 3608 1166 3686 Quintilianum
1189 3610 1256 3674 iam

96 3733 188 3797 prope
202 3716 376 3780 accessisse
388 3714 575 3780 definitione
592 3738 651 3780 sua
666 3715 714 3780 IX
729 3716 765 3801 3,
787 3715 830 3780 58
845 3737 911 3801 seq.
929 3715 1100 3802 proposita
1115 3717 1156 3782 ad
1171 3718 1256 3785 hane

96 3817 268 3886 Hermanni
296 3821 471 3886 dilucidam
499 3822 728 3906 aposiopeseos
756 3821 1088 3908 circumscriptionem
1120 3830 1255 3910 apparet

95 3926 181 3992 nobis
211 3927 503 4013 considerantibus,
534 3929 562 3993 si
586 3951 624 3994 ea
659 3950 741 4014 quas
767 3932 916 3993 tacentur
946 3931 1078 3997 omnino
1109 3954 1176 3996 non
1202 3933 1254 3997 vel

95 4030 277 4100 difficillime
291 4038 420 4100 tantum
434 4034 584 4120 intellegi
599 4039 746 4121 possunt,
759 4035 942 4100 necessario
958 4058 1028 4102 asse
1047 4060 1252 4123 praesumen-

96 4136 178 4224 dum,
200 4145 233 4206 et
255 4141 436 4207 orationem
460 4145 494 4206 et
516 4142 695 4207 sententias
719 4142 754 4206 in
778 4142 883 4207 medio
912 4164 983 4208 esse
1011 4143 1156 4229 relictas,
1183 4143 1204 4209 i.
1228 4167 1254 4212 e.

95 4243 246 4312 defectum
270 4270 340 4314 esse
364 4251 397 4312 et
420 4247 577 4313 orationis
602 4252 635 4312 et
658 4249 900 4314 sententiarum.

176 4353 246 4419 Hae
263 4354 298 4418 in
315 4352 495 4424 Hermanni
515 4354 729 4440 explicatione
748 4355 957 4440 recentiores,
972 4354 1063 4439 quod
1081 4354 1181 4420 sciam
1201 4379 1252 4422 ac-

95 4457 285 4542 quieverunt.
323 4459 386 4526 Sed
405 4459 655 4546 vituperandum
675 4466 734 4548 est,
753 4462 838 4547 quod
856 4462 1048 4547 plerumque
1067 4483 1164 4549 quam
1183 4463 1253 4531 bre·
