3158 5226
559 485 798 550 -127-

88 646 138 710 vir
163 645 207 710 ile
233 646 357 711 doctus.
404 642 468 710 Sed
491 644 650 710 eiusmodi
673 645 854 730 zeugmatis
877 644 1016 710 formem
1039 645 1171 712 Tacitus
1199 669 1266 713 non

51 737 54 744 ’
89 753 244 818 adhibuit
265 752 330 817 nisi
353 752 505 836 verbum,
528 750 614 836 quod
638 751 759 836 duplici
783 774 877 817 sensu
902 752 951 817 ita
972 753 1117 838 positum
1140 759 1205 839 est,
1232 754 1266 820 in

89 865 231 944 utroque
255 881 352 924 sensu
375 858 524 943 usurpari
547 859 670 943 potuit:
694 859 732 924 cf.
751 857 822 923 H.l
842 858 1025 944 35,1seq.;
1050 897 1087 906 -
1111 861 1144 925 ΙΙ
1159 862 1267 947 87,14

89 989 172 1050 seq.;
195 1003 240 1012 -
262 965 490 1051 IV8,8seq.3
522 1003 559 1011 -
586 965 797 1051 luleus,
830 999 865 1008 -
897 967 1025 1051 41,13;
1055 1004 1097 1014 -
1125 967 1265 1048 1129,6

88 1096 172 1158 seq.;
195 1108 235 1117 —
260 1072 307 1137 IV
322 1073 375 1156 26,
392 1073 414 1136 4
429 1094 505 1157 seq,
528 1073 613 1137 al.-
631 1071 676 1137 Ut
700 1075 809 1137 autem
831 1094 897 1136 non
920 1073 1108 1156 negaverim
1132 1075 1266 1139 verbum

87 1179 316 1264 obsaepire,
353 1179 408 1244 ubi
441 1201 514 1244 cum
546 1179 731 1244 accusativo
764 1179 883 1244 obiecti
915 1179 1135 1265 coniungitur,
1167 1203 1266 1266 prope

88 1286 261 1351 interdum
291 1286 440 1351 accedere
473 1285 513 1350 ad
543 1287 610 1350 vim
640 1286 815 1351 verborum
844 1285 1093 1371 prohibendi,
1122 1287 1170 1351 its
1199 1289 1265 1352 tale

86 1395 170 1479 quid
193 1393 318 1458 factum
341 1414 422 1477 esse,
445 1392 501 1456 ubi
519 1393 611 1456 deest
628 1392 720 1457 notio
745 1393 873 1477 obiecti,
895 1393 992 1478 plane
1010 1415 1108 1478 neg03
1131 1394 1265 1458 verbum

85 1500 297 1584 obsaepire
332 1498 481 1563 absolute
513 1499 659 1583 positum
691 1521 756 1562 ncn
788 1499 960 1564 invenitur.
1014 1499 1132 1564 Hercei
1164 1500 1266 1586 igitur

83 1609 147 1672 illa
171 1606 445 1692 interpretatione
467 1603 550 1670 nihil
573 1604 688 1688 profici
711 1605 824 1669 elucet.
861 1603 924 1669 Sed
942 1606 1082 1672 fortasse
1102 1607 1265 1691 quispiam

83 1717 120 1778 in
140 1713 304 1778 auxilium
322 1712 488 1778 vocaverit
507 1711 643 1776 alteram
662 1711 754 1776 illam
773 1712 955 1794 zeugmatis
975 1713 1124 1798 speciem,
1143 1735 1207 1797 qua
1226 1736 1265 1778 ex

83 1822 191 1886 verbo
215 1820 324 1905 posito
348 1820 519 1904 suppletur
542 1818 649 1883 simile
673 1819 806 1883 verbum
830 1814 884 1904 (cf.
898 1818 931 1882 in
949 1819 1011 1884 hac
1029 1839 1156 1904 paragr.
1169 1819 1265 1883 subt

83 1934 119 1993 et
129 1926 180 2013 3).
200 1925 247 1991 At
260 1925 335 1990 huic
348 1926 495 1989 obstaret
504 1926 677 1990 verborum
687 1925 872 2010 collocatio,
887 1947 963 1989 nam
974 1926 1108 1990 verbum
1121 1926 1264 2011 positum

82 2035 213 2118 ubique
244 2033 278 2096 in
310 2054 348 2097 eo
380 2032 506 2116 periodi
538 2033 683 2097 membro
716 2036 821 2116 extat,
853 2033 894 2096 ad
925 2033 1010 2117 quod
1043 2032 1176 2118 propria
1207 2055 1266 2097 sua

82 2140 330 2228 significatione
354 2139 506 2223 quadrat,
530 2138 662 2204 Tacitus
686 2139 798 2222 igitur,
821 2139 849 2203 si
872 2143 985 2203 nostro
1009 2140 1080 2204 loco
1104 2139 1196 2204 illam
1220 2140 1265 2204 di-

81 2248 186 2314 cendi
216 2247 376 2311 rationem
407 2244 560 2310 adhibere
589 2245 762 2329 voluisset,
795 2245 865 2310 sine
896 2246 993 2311 dubio
1024 2245 1266 2329 scripsisset

81 2356 239 2420 Raetiam
260 2354 420 2434 [celtasque
441 2352 537 2433 Alpes
559 2352 793 2434 obsaepscrut
814 2371 851 2416 ac
874 2350 958 2439 (scil.
976 2349 1205 2439 impediverat)
1228 2375 1267 2416 ac

76 2464 231 2544 peruium
267 2461 326 2525 illc
360 2459 555 2525 Germanias
593 2460 741 2524 cccrum
774 2460 854 2539 foret
887 2457 939 2544 (cf.
961 2458 1046 2524 infra
1065 2459 1125 2523 sub
1144 2459 1190 2545 3).
1223 2497 1263 2506 -

6 2561 8 2626 l
81 2569 240 2634 Heraeus
269 2565 434 2652 triplicem
464 2565 590 2631 dicendi
619 2565 778 2630 rationem
809 2567 897 2631 haud
927 2571 1076 2632 accurate
1105 2565 1265 2652 distinxit,

81 2700 160 2741 cum
185 2675 355 2740 scriberet:
385 2674 445 2739 Als
466 2673 653 2738 toordc'cc'ert
674 2674 732 2736 mit
752 2673 821 2737 dem
845 2672 950 2756 Objelct
977 2675 1056 2738 iter
1084 2673 1179 2738 durch
1208 2676 1265 2738 dus

7 2777 8 2818 l
80 2781 317 2865 emptitatice
340 2802 382 2846 cc
403 2782 444 2845 c'st
465 2781 519 2844 der
541 2781 677 2862 negative
694 2780 860 2844 Ficulsutr
882 2800 922 2844 ru
944 2779 1071 2864 maheu,
1093 2782 1161 2845 uad
1180 2801 1264 2845 rwur

7 2911 8 2920 ¹
79 2911 126 2973 sc,
150 2890 230 2953 dass
247 2889 304 2952 ruit
321 2890 405 2952 cicer
423 2888 485 2951 Art
506 2907 565 2951 coc
583 2887 742 2968 Zeupma
763 2907 807 2950 ce
823 2907 882 2951 ccc
905 2887 1138 2969 obsaepserat
1155 2887 1263 2969 pletat-

81 2998 142 3059 uc'e
164 3015 227 3060 voa
245 2996 342 3058 ciuem
363 2995 493 3059 Verbum
510 2995 562 3059 des
582 2993 788 3058 Vertinderus
806 2992 957 3076 ubhdupc'p
975 2995 1023 3059 ist.
1066 2993 1265 3076 VpLDrdyer

79 3103 177 3185 synt.
198 3101 317 3185 §233,
336 3105 385 3166 15.
422 3100 506 3177 Quid
530 3100 569 3164 de
592 3103 763 3184 zeugmate
782 3100 840 3164 illo
859 3099 1066 3165 iudicandum
1091 3101 1143 3186 sit,
1167 3123 1265 3186 supra

8 3189 10 3216 ’
78 3212 152 3274 iam
180 3208 333 3273 vidimus.
378 3206 441 3283 Qui
469 3208 530 3272 hoc
558 3207 708 3271 adhibuit
740 3207 780 3271 ad
809 3201 922 3272 nostra
946 3208 1043 3273 verbe
1066 3208 1264 3293 explicanda,

9 3293 11 3360 l
79 3318 113 3380 is
137 3314 237 3380 nullo
260 3319 355 3400 pacto
379 3315 485 3380 dicere
508 3315 616 3399 potuit
638 3315 843 3380 enuntiatum
871 3315 952 3378 illud
976 3315 1072 3379 finale
1096 3315 1264 3400 particula,

9 3463 10 3508 ,
80 3444 123 3488 ac
148 3422 409 3507 epexegetice
431 3422 541 3507 posita
564 3416 614 3503 (π
637 3423 703 3485 und
730 3426 827 3501 eccur)
857 3421 1082 3487 coordinatum
1113 3443 1183 3485 esse
1214 3443 1264 3486 ac·

9 3515 12 3602 i
78 3529 240 3596 cusativo
264 3529 383 3594 obiecti
406 3531 478 3594 iter:
508 3530 608 3593 immo
639 3531 668 3591 ei
699 3527 905 3592 subiunctum
936 3532 998 3612 est,
1029 3527 1115 3611 quod
1146 3529 1264 3593 attinet

79 3639 126 3702 ad
150 3636 312 3722 logicam,
334 3659 409 3701 nam
433 3637 496 3701 iter
518 3635 600 3701 illud
624 3635 817 3719 obsaeptum
840 3656 924 3719 esse,
947 3657 987 3698 ne
1010 3635 1158 3719 pervium
1180 3636 1264 3700 foret

80 3743 297 3809 Germanicis
328 3743 522 3808 exercitibus
555 3747 656 3828 patet.
711 3739 778 3806 Cur
809 3741 946 3826 denique
978 3763 1038 3807 nos
1069 3742 1265 3827 relegaverit

10 3881 11 3896 r
81 3852 240 3916 Heraeus
264 3850 305 3915 ad
324 3849 480 3936 Draeger,
504 3849 597 3934 Synt.
611 3853 630 3930 ἓ
646 3849 723 3933 233,
747 3850 801 3933 15,
824 3848 880 3913 ubi
903 3848 1068 3913 levissime
1088 3848 1265 3932 attingitur

11 3977 12 3990 *
80 3961 277 4023 structurae
304 3957 362 4021 illa
393 3957 599 4042 vicissitudo,
632 3979 697 4041 qua
728 3955 887 4020 adiectivo
919 3956 972 4019 vel
1004 3954 1177 4039 participio
1210 3955 1263 4018 ad-

80 4065 236 4130 nectitur
264 4065 469 4129 enuntiatum
499 4063 610 4147 finale,
642 4063 738 4147 plane
766 4085 833 4127 non
863 4063 970 4146 vide03
1001 4083 1158 4147 quaenam
1189 4061 1264 4126 inde

11 4135 13 4188 l
80 4171 275 4236 redundant
298 4171 337 4235 ad
361 4172 453 4235 illam
477 4169 654 4234 accusativi
682 4170 801 4235 obiecti
832 4176 865 4234 et
892 4169 1052 4234 enuntiati
1080 4169 1188 4232 finalis
1216 4168 1262 4233 vi·

12 4253 15 4382 ι
81 4277 318 4362 cissitudinem
350 4277 565 4363 probandam,
601 4298 699 4360 quam
732 4276 944 4362 deprehendit
972 4275 1120 4340 Heraeus
1151 4281 1264 4340 nostro

83 4385 189 4450 loco?
215 4421 253 4432 —
280 4383 412 4449 Tacitus
443 4386 482 4446 ut
514 4403 553 4446 ea
585 4404 666 4466 quac
699 4383 732 4447 in
765 4383 934 4448 enuntiato
968 4383 1077 4468 aliquo
1109 4383 1265 4469 narravit,

12 4425 15 4572 i
83 4491 275 4557 accuratius
300 4489 586 4574 circumscriberet,
608 4489 720 4556 finalia
738 4491 908 4556 enuntiata
931 4491 961 4554 ei
984 4489 1157 4554 subiuncta
1174 4490 1264 4554 varie

13 4657 130 5170 t
