3152 5222
780 452 996 516 ...33.„

306 613 439 678 landam
480 634 550 678 esse
588 633 703 677 censeo
736 611 770 676 in
806 611 892 676 hunc
923 610 991 676 fere
1024 609 1169 675 modum:
1212 609 1375 696 ellipsis
1416 613 1469 675 est

307 719 469 786 omissio
492 717 686 804 vocabuli,
709 718 809 804 quod
832 717 908 783 etsi
931 739 999 783 nec
1025 715 1183 802 proprie
1206 737 1275 782 nec
1303 717 1470 782 latenter

308 826 456 892 dictum
484 829 612 891 tamen
641 824 696 889 ita
725 824 996 911 significatur,
1020 826 1061 888 ut
1084 821 1265 908 cogitari
1288 822 1422 907 possit.

396 932 530 998 Praeter
556 931 717 996 Haasium
745 931 829 997 alius
858 931 1003 1017 quidam,
1030 929 1222 1015 Melhorn,
1252 929 1287 994 in
1316 952 1470 995 commen-

308 1039 433 1106 tatione
469 1040 505 1105 dc
540 1038 702 1104 schematis
733 1031 798 1102 ἀπὸ
830 1037 950 1102 κοινοῦ
987 1036 1107 1102 roboae
1143 1041 1172 1101 et
1208 1056 1268 1102 usu
1304 1038 1340 1102 la
1372 1034 1473 1120 lupun

305 1165 426 1230 praeca,
448 1144 578 1231 Glogau
604 1145 698 1230 1833,
720 1143 901 1208 Hermcnni
924 1143 1145 1209 definitionem
1174 1143 1268 1228 quasi
1291 1143 1472 1209 emendasse

309 1252 372 1318 sibi
394 1251 568 1317 videbatur
591 1251 710 1318 additis
738 1249 909 1316 verbis
932 1251 1083 1334 capitatur
1109 1271 1131 1313 α
1151 1252 1373 1336 prommctlco,
1403 1250 1474 1335 quia

308 1359 372 1425 dici
402 1359 551 1442 deberet,
587 1380 607 1423 a
637 1379 701 1442 quo
731 1357 925 1423 vocabulum
957 1357 1114 1423 omissum
1144 1361 1231 1422 esset
1262 1356 1474 1444 cogitandum.

309 1465 456 1531 Frustra!
494 1464 532 1531 cf.
555 1463 724 1530 Sommer
753 1464 788 1528 in
818 1463 963 1530 chtscbr.
991 1461 1047 1542 fiir
1078 1465 1106 1529 d.
1135 1463 1362 1530 Allcrtbamsw.
1395 1464 1474 1529 1836

309 1597 340 1658 p.
359 1573 402 1638 98
422 1593 487 1658 seq.
516 1569 706 1638 Ceterorum
721 1570 760 1635 de
783 1571 892 1655 ellipsi
914 1573 1087 1656 praecepta
1111 1591 1192 1655 quae
1216 1570 1477 1655 examinavimus,

310 1677 476 1764 Reissigii,
500 1677 720 1763 Ramshomii,
735 1676 867 1762 Raudii,
882 1677 1149 1762 Weissenbornii‚
1163 1676 1313 1763 Krligeri,
1328 1676 1477 1762 Zumptii,

310 1783 483 1871 Madvigii,
513 1783 646 1870 Riessii,
676 1782 711 1849 F.
742 1780 900 1868 Schnluii,
930 1782 1195 1871 Naegelsbachii,
1229 1784 1376 1850 Kllhneri
1412 1786 1477 1849 tam

311 1913 412 1978 prope
432 1891 588 1957 accedunt
607 1891 648 1956 ad
662 1889 841 1956 Hermanni
861 1890 1056 1984 doctrinam,
1079 1893 1117 1954 ut
1131 1890 1261 1977 singula
1278 1890 1318 1955 ad
1340 1891 1478 1956 calculos

311 1997 420 2064 vocari
447 2019 513 2063 non
543 1997 689 2063 debeant.
735 1995 847 2061 Etiam
877 2018 936 2062 nos
967 1997 1200 2083 acquiescimus
1231 1997 1265 2062 in
1295 1997 1479 2063 definitione

312 2105 380 2190 illa,
403 2127 501 2190 quam
525 2102 700 2169 secundum
723 2102 903 2169 Hermanni
927 2107 961 2169 et
982 2086 1105 2169 Hacsii
1121 2108 1293 2190 praecepta
1315 2103 1480 2190 proposui·

313 2231 393 2277 mus.
439 2212 478 2276 In
501 2233 539 2277 eo
567 2212 676 2275 autem
705 2210 913 2297 offendimus,
950 2211 1035 2297 quod
1065 2211 1223 2276 terminus
1254 2209 1411 2296 ellipsis
1440 2232 1480 2275 ex

313 2317 620 2405 significatione
668 2338 738 2382 sua
784 2303 1055 2404 etymologica
1099 2329 1234 2403 parum
1282 2317 1481 2383 consentit

312 2446 394 2491 cum
418 2447 470 2511 re,
493 2445 589 2510 quae
618 2425 654 2489 ci
684 2423 893 2510 subicitur,
920 2423 977 2490 ita
1000 2428 1058 2509 ut,
1086 2424 1164 2489 nisi
1193 2424 1303 2488 iusta
1326 2423 1482 2489 accedit

313 2530 548 2617 explicatio}
564 2530 684 2596 facile
703 2553 858 2597 errores
878 2532 1040 2618 gignere
1059 2530 1196 2615 possit.
1231 2530 1481 2607 Quamobrem

314 2637 434 2703 etiam
456 2637 529 2702 hcc
551 2637 718 2702 termino
743 2658 763 2702 a
791 2637 888 2703 viris
919 2637 1047 2704 doctis
1075 2637 1273 2703 abstineri
1299 2637 1482 2703 iubemus.

428 2833 487 2911 IV.
525 2834 579 2910 De
608 2835 746 2933 Figura
772 2828 841 2907 ἀπὸ
868 2840 994 2909 κοινοῦ
1022 2842 1062 2910 et
1090 2836 1136 2910 de
1165 2842 1373 2932 zeugmate.

403 2974 662 3040 Phoebammo
686 2974 847 3060 ap.Walz.
859 2974 910 3040 III
924 2998 954 3060 p.
969 2975 1045 3062 498,
1061 2973 1211 3063 Spengel.
1227 2975 1380 3061 111p.46
1404 2978 1484 3062 figu-

315 3104 385 3147 ram
408 3076 481 3147 ἀπὸ
504 3082 648 3147 κοινοῦ
670 3081 791 3148 dictam
814 3081 848 3147 in
876 3081 983 3167 capite
1005 3080 1081 3168 περὶ
1100 3081 1231 3160 ἐνδείας
1252 3083 1374 3168 scripto
1398 3083 1485 3148 bisce

315 3187 426 3254 verbis
447 3188 712 3275 circumscripsit:

404 3289 469 3360 ἀπὸ
495 3295 614 3361 κοινοῦ
645 3295 685 3362 δέ
715 3295 784 3362 ἐστι
812 3294 898 3375 λέξις
925 3291 1011 3374 ἅπαξ
1039 3292 1100 3382 μὲν
1124 3295 1301 3382 λεγομένη,
1329 3293 1487 3373 πολλάκις

316 3397 354 3468 δὲ
376 3399 545 3488 νοουμένη
568 3399 623 3467 καὶ
651 3401 922 3489 σνντασσομένη,
953 3398 998 3481 ὡς
1025 3403 1082 3468 ἵνα
1112 3428 1162 3481 τις
1191 3407 1266 3490 εἴπῃ
1303 3399 1487 3489 ,,ἆπελθών

315 3503 421 3595 ᾔτησα
444 3503 523 3586 τοὺς
545 3505 683 3595 ἄνδρας,
706 3506 847 3595 μάλιστα
867 3506 905 3575 cl
923 3506 1022 3575 τόνδε
1040 3508 1096 3575 καὶ
1114 3507 1247 3575 τόνδε“.
1283 3506 1348 3576 ἀπὸ
1368 3511 1488 3577 κοινοῦ

316 3610 379 3700 γὰρ
408 3612 626 3682 συντάσσεται
655 3616 805 3683 ἐνταῦθα
832 3613 869 3682 τὸ
899 3667 917 3704 „
925 3612 1031 3703 ᾔτησα
1039 3615 1065 3681 “.
1112 3615 1240 3682 Similia
1274 3621 1351 3683 sunt
1380 3619 1489 3703 verba,

317 3744 400 3807 quse
423 3721 615 3788 librarius
639 3723 793 3808 quidam
822 3724 856 3789 in
884 3723 994 3789 codice
1016 3723 1177 3789 Vaticano
1207 3724 1326 3790 adiecit
1353 3723 1490 3809 Georgii

317 3825 432 3894 (lhoer.
463 3830 731 3896 commentationi
770 3829 810 3895 de
839 3830 944 3915 tropis
975 3853 1026 3915 ap.
1040 3829 1145 3895 Walz.
1161 3854 1192 3915 p.
1214 3831 1278 3896 819
1304 3827 1356 3917 (cl
1372 3855 1407 3916 p.
1426 3832 1489 3897 818

317 3931 418 4022 ann),
441 3923 592 4022 Spengel.
608 3935 659 4002 III
677 3935 803 4022 pasc,
819 3937 874 4002 10:
897 3931 962 4001 ἀπὸ
986 3938 1105 4002 κοινοῦ
1128 3936 1196 4003 ἐστι
1215 3935 1301 4014 letes
1318 3932 1404 4017 ἅπαξ
1429 3933 1490 4023 μὲν

316 4039 496 4126 λεμομένῂ,
529 4038 585 4106 καὶ
620 4041 747 4117 ἔξωθεν
780 4041 1034 4128 λαμβανομένη,
1067 4035 1142 4108 οἷον
1174 4038 1359 4129 ,,ἆπελθὼν
1388 4039 1491 4130 ᾔτησε

316 4143 395 4225 τοὺς
430 4143 575 4235 ἄνδρας,
612 4135 754 4234 μάδιστα
793 4145 831 4215 δὲ
863 4150 1061 4235 Χαρίδημον
1097 4147 1152 4214 καὶ
1173 4144 1398 4235 ”Ιπααρχον“·
1436 4147 1492 4216 καὶ

317 4247 462 4341 Ὄμηρος

761 4341 931 4431 ,,ἐλίσσετο
954 4340 1081 4422 πάντας
1100 4340 1265 4430 ligebus,

529 4447 679 4536 Ἀτρείδα
701 4447 740 4517 el
762 4447 937 4538 μάλιστα“.
