3152 5222
567 427 785 492 -37-

186 593 212 655 2.
234 591 360 655 altera
388 590 427 654 in
458 587 741 653 sententiarum
771 587 1025 672 integritate,
1059 587 1261 654 verborum

30 751 31 796 ,
114 699 252 781 quadam
275 695 550 761 imminutione
574 693 635 759 vel
659 693 914 760 detractione:
936 694 971 759 id
994 694 1081 779 quod
1104 694 1260 760 omissum

30 869 31 878 ,
113 807 162 888 est,
182 802 240 867 etsi
260 825 328 869 non
351 823 501 886 expresse
523 801 651 886 dieitur,
668 804 779 866 tamen
798 801 863 866 alia
881 801 1008 866 ratione
1030 801 1206 886 indicatur,
1223 805 1262 867 ut
1361 793 1364 800 ⁴

30 905 31 946 l
112 908 241 988 quittae
262 911 306 976 acl
327 928 389 985 rna·
411 908 669 993 intellegendum
692 929 763 973 esse
786 912 896 974 attinet
917 907 1140 993 unusquisque
1159 909 1261 994 videt3

111 1016 200 1081 omitti
222 1016 344 1101 potuit,
367 1016 453 1101 quod
484 1016 647 1081 cotidiana
669 1014 795 1080 dicendi
818 1015 1050 1080 consuetudine
1074 1015 1155 1080 satis
1178 1015 1260 1084 indi-

111 1123 163 1186 cari
178 1123 333 1189 omissum
351 1123 623 1208 praesumendum
641 1122 714 1187 fuit.
751 1122 789 1186 ef.
804 1144 854 1205 ap.
872 1120 983 1187 Graec.
1005 1120 1040 1186 τί
1059 1121 1158 1187 τοῦτο
1177 1118 1261 1206 πρὸς

109 1229 164 1314 ἐμέ;
179 1229 307 1315 aphet.
319 1230 392 1295 hoec
405 1249 513 1314 secum,
532 1229 606 1294 alia.
638 1229 710 1294 lllst
729 1232 856 1294 autem
873 1228 967 1293 haee
984 1250 1074 1293 vera
1093 1228 1259 1313 ellipsis.

116 1364 120 1372 ·
181 1337 208 1402 3.
231 1337 352 1401 tertia
375 1337 413 1402 in
437 1337 721 1402 sententiarum
745 1339 783 1401 et
814 1335 1020 1400 verborum
1051 1335 1163 1420 quasi
1192 1336 1259 1401 ab·

107 1444 353 1529 truncatione,
380 1444 400 1510 i.
424 1467 450 1510 e.
474 1443 731 1529 aposiopesis:
755 1442 794 1508 cf.
809 1440 1097 1526 Aristophanioum
1119 1441 1216 1528 illud,
1238 1439 1259 1526 ἡ

107 1543 206 1630 yloiod
218 1544 590 1634 ὀμώμοκ’-Αἰσχυλον
606 1545 633 1615 δ’
643 1545 841 1633 αἱρήσομαι,
865 1551 899 1613 et
913 1547 1156 1632 Vergilianum:
1184 1568 1259 1628 quos

106 1659 254 1738 epo-sed
274 1663 371 1723 motos
388 1662 532 1740 praestat
553 1675 728 1740 remanere
749 1654 871 1735 fluctus.

177 1763 382 1829 Hermannus
407 1763 449 1828 ad
465 1763 574 1848 Vigor.
591 1787 621 1848 p.
637 1763 701 1829 869
720 1762 1029 1828 commentationem
1046 1784 1144 1847 quam
1161 1763 1257 1828 modo

105 1871 298 1936 tractavimus
321 1870 477 1957 'repetivit
499 1870 665 1955 praefatus
690 1868 730 1935 de
753 1869 945 1935 idiomatum
968 1869 1096 1948 formis,
1119 1891 1257 1954 quorum

105 1998 185 2042 unam
213 1978 336 2043 versari
369 1981 478 2043 censet
505 1976 539 2042 in
568 1976 625 2055 iis,
655 1968 738 2062 ¹quroe
768 1980 897 2062 praeter
925 1976 1092 2042 naturales
1124 1976 1257 2060 linguae

104 2082 176 2166 leges
194 2107 255 2150 usu
273 2084 461 2150 introducta
483 2084 564 2168 sint3
588 2083 705 2168 quibus
729 2083 1004 2148 adnumerandam
1029 2105 1099 2148 esse
1117 2083 1276 2168 ellipsin..

29 2237 31 2282 7
104 2185 154 2253 Sed
181 2192 247 2256 iam
271 2189 327 2257 Fr.
351 2190 491 2276 Haase,
529 2190 734 2273 Vorlasunyen
768 2190 842 2255 aller
879 2189 982 2255 lotan.
1014 2189 1255 2273 Sproclwlssen·

29 2299 30 2322 ¹
103 2296 192 2382 setall,
215 2297 264 2365 ed.
279 2288 313 2362 F.
330 2296 368 2361 A.
376 2296 542 2384 Hclrstein,
553 2293 663 2383 Leipz.
681 2297 767 2362 1874
781 2295 868 2361 vol.I
882 2321 912 2382 p.
928 2297 992 2361 202
1009 2296 1256 2363 fundamentum

29 2399 30 2416 ¹
102 2401 164 2468 huic
183 2403 366 2470 Hermanni
389 2403 556 2469 doctrinae
579 2404 754 2469 subtraxit:
777 2404 888 2469 docuit
911 2403 1006 2490 enim,
1029 2403 1063 2468 in
1086 2425 1148 2470 usu
1170 2404 1256 2488 posi-

103 2513 157 2575 tam
193 2534 263 2577 esse
300 2511 431 2598 linguae
469 2511 576 2596 legem
606 2532 644 2576 ac
673 2511 835 2576 rationem
864 2532 969 2595 neque
999 2533 1094 2576 usum
1127 2513 1256 2595 praeter

101 2618 249 2684 naturales
273 2618 406 2705 linguae
433 2618 524 2703 leges
553 2639 658 2702 neque
685 2617 746 2683 has
773 2621 903 2702 praeter
930 2638 1025 2682 usum
1054 2639 1150 2702 posse
1180 2639 1254 2683 con·

100 2721 224 2790 formari.
270 2727 411 2810 Itaque
435 2724 593 2809 ellipsis
616 2747 691 2790 non
714 2729 774 2791 est
796 2724 941 2790 idioma
963 2723 1124 2810 linguae
1148 2724 1254 2808 legi-

100 2828 156 2895 bus
187 2831 428 2918 oppositum,
460 2831 526 2896 sed
559 2830 711 2897 dicendi
742 2832 867 2896 forma
899 2854 943 2897 ex
978 2830 1062 2916 ipso
1094 2831 1254 2917 linguae

99 2934 242 3024 ingenio
285 2960 327 3003 ae
365 2937 496 3003 indole
536 2942 636 3004 nata.
660 2937 851 3004 -Ibidem
888 2936 997 3004 Haase
1033 2937 1253 3003 definitionem

99 3043 246 3132 ellipseos,
270 3068 368 3131 quam
382 3044 588 3110 Hcrmannus
611 3045 783 3131 proposuit
806 3044 913 3110 verbis
931 3043 1048 3128 ellipsis
1066 3049 1110 3109 est
1129 3045 1254 3110 omissio

28 3203 29 3214 .
97 3153 223 3218 vocabuli
246 3154 336 3237 qaod,
357 3151 414 3217 etei
435 3172 498 3216 non
520 3150 644 3234 dietum,
668 3157 770 3216 tomen
788 3151 946 3237 capitatur,
968 3151 1035 3216 fere
1053 3156 1091 3216 ut
1108 3151 1253 3237 ineptam

28 3253 30 3354 l
98 3255 209 3325 abicere
231 3259 373 3344 studuit,
400 3258 477 3343 quia
498 3256 582 3322 nihil
605 3258 746 3343 cogitari
768 3263 895 3344 posset,
924 3257 1010 3343 quod
1042 3257 1164 3324 dictum
1188 3279 1253 3323 non

97 3370 170 3430 esset
183 3371 240 3432 aut
253 3367 289 3432 in
304 3366 390 3450 quod
405 3365 470 3430 alia
485 3364 611 3430 ratione
624 3365 705 3450 ipsis
720 3364 884 3451 loquentis
898 3363 1006 3449 verbis
1021 3364 1252 3430 induceremur.

97 3467 187 3556 Supra
212 3498 243 3561 p.
260 3472 304 3539 35
322 3495 346 3538 s.
369 3472 437 3536 iam
469 3472 763 3538 demonstravimus
799 3473 833 3538 id
862 3473 987 3557 ipsum,
1023 3468 1110 3554 quod
1143 3468 1253 3535 Haase

96 3576 259 3666 desiderat,
290 3600 360 3644 esse
384 3579 425 3644 ab
455 3578 643 3644 Hermanno
674 3579 713 3645 de
743 3579 851 3665 ellipsi
879 3580 1098 3664 praeceptum.
1143 3575 1252 3642 Haase

95 3685 156 3750 sola
184 3686 370 3752 definitione
401 3684 581 3751 Hermanni
613 3685 817 3752 considerata
851 3683 957 3750 verbis
995 3684 1063 3748 eius
1099 3683 1251 3768 deeeptus

94 3796 143 3856 est.
187 3794 343 3859 Attamen
369 3792 485 3858 Haasii
513 3792 845 3859 animadversionibus
873 3792 1075 3876 adducimur,
1104 3793 1142 3856 ut
1168 3790 1250 3855 iudi-

95 3917 191 3964 cemus
220 3900 400 3966 Hermanni
432 3899 669 3986 definitionem,
700 3899 777 3984 quia
809 3921 880 3964 eam
910 3921 994 3985 rem,
1024 3921 1088 3983 qua
1121 3897 1250 3984 proprie

92 4003 211 4093 nititur,
241 4007 367 4072 scilicet
395 4010 432 4071 ut
461 4006 511 4091 id,
541 4006 626 4090 quod
665 4006 787 4072 dictum
815 4028 882 4070 non
911 4006 971 4091 sit,
1000 4009 1111 4071 tamen
1141 4003 1250 4089 aliqua

93 4113 206 4178 ratione
232 4114 409 4199 indicetur,
436 4113 532 4198 plane
556 4111 704 4198 omittat,
733 4135 796 4177 non
826 4134 896 4177 esse
919 4111 1157 4195 definitionem,
1186 4105 1260 4176 nisi

92 4215 164 4283 haee
185 4220 329 4286 condicio
353 4241 502 4305 expresse
525 4219 559 4284 in
583 4240 655 4284 eam
678 4218 867 4304 recipiatur;
895 4241 972 4283 nam
1000 4218 1032 4281 id
1060 4221 1111 4281 est
1139 4216 1250 4282 defini-

91 4323 207 4391 tionum
230 4327 408 4413 proprium,
430 4329 469 4391 ut
490 4347 550 4392 nee
571 4327 645 4411 plus
668 4349 728 4392 nec
750 4326 857 4391 minus
886 4325 1008 4409 dicant,
1036 4345 1133 4408 quam
1163 4324 1248 4409 quod

91 4452 137 4496 res
165 4433 344 4500 definienda
372 4433 528 4518 postulat.
573 4433 689 4518 Itaque
719 4431 899 4500 Hermanni
927 4429 1149 4497 definitionem
1179 4455 1248 4503 mu-
