3152 5222
607 462 826 526 „13-

219 621 290 688 Hoc
310 627 363 707 est,
386 641 456 686 acm
478 622 601 705 aliquid
620 642 677 687 uas
698 623 821 688 reticere
842 623 972 687 dicimus
994 627 1023 687 et
1045 627 1147 687 tameu
1175 621 1302 686 tacitum

132 729 323 811 intellegitur.
360 728 406 792 Et
427 727 482 793 λοι
503 730 650 794 uteudum
672 733 728 806 est,
751 749 820 792 cum
842 734 899 794 aut
919 733 1025 794 uotam
1047 749 1111 793 rem
1129 748 1191 794 esse
1212 727 1301 792 audi-

7 860 8 887 ι
131 835 246 900 taribus
273 835 467 900 arbitramur
498 837 554 900 aut
581 835 783 918 suspicionem
812 836 944 900 essitare
974 821 1123 900 maiorem
1153 834 1302 900 reticeudo

7 945 8 952 ’
124 962 300 1024 possumus.
333 979 375 988 -
407 940 478 1008 Sibi
512 942 582 1026 ipse
615 944 778 1027 repugnat
807 941 1048 1027 epitomator
1076 940 1301 1006 Rutilianus

7 1060 8 1139 ζ
129 1070 195 1114 uno
218 1049 368 1134 exemplo
392 1047 599 1134 Lyeurgiano
624 1047 739 1133 allato,
762 1069 827 1132 quo
851 1046 988 1133 aliquid,
1016 1047 1102 1133 quod
1125 1048 1301 1113 taciturum

7 1145 9 1232 l
129 1179 163 1221 se
187 1178 259 1221 esse
277 1176 430 1239 expresse
448 1154 604 1220 indicavit
621 1159 745 1239 erutor,
763 1176 828 1220 non
846 1158 915 1219 tam
937 1178 972 1221 re
990 1177 1067 1220 vera
1084 1153 1303 1219 omittitur-

128 1265 178 1329 lta
206 1262 338 1348 quidem
361 1265 399 1325 ut
425 1261 562 1326 tacitum
590 1261 790 1346 cogitatione
817 1261 1034 1346 supplendum
1057 1261 1115 1346 sit,
1136 1297 1180 1306 -
1204 1282 1301 1345 quam

128 1368 372 1455 praeteritionis
397 1390 478 1452 quae
502 1367 620 1432 dicitur
641 1361 749 1451 figura
772 1367 921 1433 adhibita
937 1389 1050 1452 reapse
1068 1367 1210 1433 breviter
1227 1389 1300 1451 pro·

7 1479 8 1523 i
128 1477 316 1562 nuntiatur,
344 1496 416 1539 eum
441 1475 579 1539 alterum
602 1497 641 1538 ex
664 1471 829 1558 Hyperide
858 1477 1025 1560 sumptum
1052 1474 1236 1557 exemplum
1264 1494 1302 1537 ea

128 1587 244 1648 utatur
266 1582 407 1666 ratione,
435 1585 472 1646 ut
495 1602 547 1645 res
571 1603 609 1646 ex
632 1581 794 1665 promisso
818 1581 955 1646 tacenda
982 1580 1168 1646 reticeatur.
1211 1579 1303 1645 Haec

128 1695 206 1756 sunt
225 1687 397 1774 Lycurgi
416 1687 528 1753 verba:
546 1686 589 1752 Iu
601 1689 788 1772 praeseutia,
807 1689 933 1772 iudices,
955 1689 1078 1752 iuiccssu
1095 1687 1206 1770 popuii
1223 1707 1303 1769 qum

127 1796 356 1882 improbissime
381 1795 508 1878 gesserit
533 1794 674 1870 reticebo:
701 1796 738 1859 de
758 1793 851 1875 falsis
872 1796 939 1860 eius
957 1795 1083 1878 littoris,
1104 1814 1183 1876 quus
1200 1795 1244 1858 aet
1259 1815 1302 1860 se

126 1911 239 1970 uatum
271 1901 409 1986 miserit,
440 1900 524 1966 uibit
554 1901 672 1966 dicam:
706 1922 783 1983 quae
810 1901 860 1966 illi
890 1921 979 1983 saepe
1009 1901 1203 1965 iutermiuati
1233 1902 1287 1966 su·

126 2013 279 2077 omittam.
318 2009 406 2073 Nam
428 2013 457 2071 et
481 2007 554 2072 haec
582 2007 665 2074 uoltis
687 2013 762 2074 uota
784 2013 858 2072 suut
883 2013 1010 2089 atquae
1027 2008 1189 2072 ιιονίεοίιιιο
1206 2007 1303 2071 multa

126 2118 309 2201 iadrpuiora
340 2116 503 2200 commisit,
530 2136 624 2196 auum
641 2117 784 2197 priunum
806 2115 1015 2198 copuascauda.
1059 2113 1150 2180 Haec
1173 2111 1301 2199 Hype-

95 2223 99 2230 ’
127 2225 243 2292 ridis:
268 2223 359 2305 Cogis
376 2241 424 2286 me
442 2222 579 2287 iuiuriae
598 2228 668 2287 tuae
685 2242 813 2287 causam
825 2218 992 2304 proferre?
1025 2219 1116 2286 Nibil
1133 2223 1216 2305 apis;
1239 2241 1303 2286 uou

125 2333 249 2397 dicam:
271 2332 325 2397 sed
344 2328 446 2410 misum
469 2333 585 2412 uramus
606 2350 675 2394 eam
690 2327 863 2412 patefaciet.

219 2428 413 2518 Comparari
435 2437 545 2519 potest
563 2435 884 2530 Phoebammonis
907 2433 1150 2520 praeteritionis
1169 2433 1302 2499 eircum-

128 2536 267 2622 seriptio
282 2535 348 2626 (ap.
356 2541 460 2606 Walz.
468 2540 548 2606 VIII
570 2565 599 2626 p.
612 2541 691 2628 5073
708 2541 859 2629 Spengel.
875 2541 926 2607 III
942 2540 995 2627 51,
1015 2535 1085 2628 14):
1103 2535 1302 2625 παράλειψις
1372 2622 1375 2628 1

129 2640 167 2708 δὲ
196 2639 274 2727 ἤτοι
302 2641 531 2730 ὑποσιόπησίς
559 2646 628 2713 ἐστι
655 2644 765 2733 νόημα
790 2648 826 2714 ἐν
849 2643 1069 2734 προσποιήσει
1096 2649 1222 2733 σιωπῆς
1245 2642 1301 2712 οὐ·

128 2746 189 2814 btv
212 2739 315 2834 ἧττον
337 2750 530 2840 λεγόμενον.

219 2858 318 2925 Haud
342 2862 482 2927 multum
506 2862 600 2928 abest
622 2862 663 2926 ab
685 2861 854 2927 Rutiliana
872 2862 931 2927 illu
947 2856 1230 2946 παρασιωπήσεως
1249 2859 1302 2926 de·

126 2964 294 3051 finitione,
322 2967 409 3051 quod
433 2968 472 3034 de
496 2968 680 3054 aposiopesi
708 2992 748 3034 ex
771 2966 983 3034 Alexandri
1009 2967 1190 3034 Numenii
1216 2967 1301 3033 libro

126 3072 272 3157 genuino
296 3073 446 3139 exhibuit
467 3075 665 3160 epitomator
688 3075 821 3160 quidam
840 3072 941 3161 (apud
955 3075 1059 3142 Wala.
1076 3074 1158 3140 VIII
1177 3098 1208 3159 p.
1226 3073 1301 3158 450,

128 3175 273 3264 Spengel
298 3180 349 3246 III
374 3182 431 3266 22.
458 3183 476 3247 7
483 3206 491 3267 3
514 3181 563 3249 ef.
591 3181 758 3267 Steusloff‚
790 3182 900 3264 quibam
931 3184 967 3248 de
998 3183 1100 3247 causis
1126 3180 1303 3246 Aleaaudri

127 3286 284 3352 Numenii
310 3285 384 3372 περὶ
480 3284 658 3374 σχημάτων
689 3289 765 3354 leber
785 3291 950 3373 putaudus
980 3291 1022 3354 sit
1051 3287 1193 3374 spurius,
1226 3285 1302 3351 diss.
1389 3363 1393 3376 .

126 3391 307 3479 Vratislsp.
318 3394 339 3459 5
350 3392 444 3482 seq.):
459 3389 688 3478 ἀποσιώπησις
698 3395 767 3461 ἐστι
781 3391 881 3479 λόγος
895 3395 1069 3461 ἐπιτείνων
1081 3389 1120 3459 τὸ
1133 3409 1300 3477 παρασιω-

126 3495 287 3585 πτόμενον
311 3498 365 3588 (cf.
388 3501 486 3568 verba
507 3502 678 3580 Rutiliana
706 3503 966 3587 suspicionem
990 3501 1160 3566 excitare
1183 3497 1300 3563 maio·

127 3631 208 3673 rem
231 3606 450 3696 reticendo)
471 3601 492 3692 ἢ
510 3611 724 3693 παραλείπων
747 3606 784 3674 τὸ
808 3603 1082 3692 γιγνωσκόμενον
1107 3603 1209 3692 (Ram
1236 3626 1301 3670 no·

127 3720 206 3779 tam
228 3738 306 3782 rem
331 3737 414 3781 esse
434 3711 698 3801 auditoribus)
718 3709 739 3798 ἢ
759 3715 895 3779 σιωπῶν
913 3713 950 3780 τὸ
966 3709 1123 3798 αἰσχρόν·
1146 3712 1300 3778 ἐπιτείνει

127 3818 192 3906 μὲν
212 3812 277 3887 οὖν
299 3817 337 3887 τὸ
360 3818 681 3906 παρασιωπιόμενον,
705 3817 749 3898 ὡς
772 3821 1008 3906 Δημοσθένης·
1038 3808 1088 3911 „pi
1112 3814 1219 3904 μήτηρ
1239 3814 1300 3903 μὲν

126 3923 257 4012 ὑπῆρχε
280 3933 422 4010 πολῖτις,
445 3923 552 4010 πατὴρ
574 3925 611 3994 δὲ
636 3924 697 3994 οὐκ
727 3927 792 4012 ἐρῶ
823 3925 946 3994 πόθεν·
977 3923 1078 3995 οὐδὲν
1101 3922 1165 4010 γὰρ
1183 3930 1299 3990 πλεῖον

126 4037 197 4102 τῶν
208 4029 402 4119 ἀναγκαίων
412 4030 516 4100 αὐτὸν
527 4031 770 4108 ἐξετάσασθαιιί
780 4039 814 4100 et
824 4057 853 4120 q.
860 4056 885 4100 s.
898 4072 934 4082 -
947 4033 1000 4100 Ad
1009 4034 1148 4101 eundem
1158 4033 1300 4097 Alexan·

128 4143 182 4208 dri
196 4142 317 4208 librum
332 4143 470 4208 redeunt
484 4164 568 4226 quae
591 4141 763 4207 Zonaeus
783 4146 816 4206 et
831 4163 1037 4227 anonymus
1052 4139 1185 4225 quidam
1199 4138 1299 4204 tradi-

128 4251 261 4316 derunt:
284 4249 431 4315 Zonaeus
456 4246 523 4335 (ap.
543 4247 653 4314 Walz.
663 4248 745 4314 VIII
765 4272 795 4333 p.
815 4249 894 4334 677,
922 4247 1071 4333 Spengel.
1088 4244 1138 4311 ΠΙ
1159 4247 1233 4332 163,
1251 4243 1301 4332 5):

126 4351 360 4440 ἀποσιώπησις
375 4353 475 4438 λόγος
496 4357 710 4437 παραλείπων
730 4349 768 4420 τὸ
792 4350 1066 4438 γιγνωσκόμενον
1088 4349 1143 4418 καλ
1165 4354 1300 4418 σιωπῶν

126 4458 168 4528 τὸ
196 4458 338 4547 αἰσχρόν
366 4459 528 4548 (sequitur
556 4458 768 4548 exemplum);
800 4482 981 4545 anonymus
1009 4457 1076 4547 (ap.
1094 4458 1199 4526 Walu.
1218 4458 1301 4524 VIII
