<?xml version="1.0" encoding="UTF-8"?>
<!DOCTYPE html PUBLIC "-//W3C//DTD XHTML 1.0 Transitional//EN"
    "http://www.w3.org/TR/xhtml1/DTD/xhtml1-transitional.dtd">
<html xmlns="http://www.w3.org/1999/xhtml" xml:lang="en" lang="en">
 <head>
  <title>
</title>
<meta http-equiv="Content-Type" content="text/html;charset=utf-8" />
  <meta name='ocr-system' content='tesseract 3.04.00' />
  <meta name='ocr-capabilities' content='ocr_page ocr_carea ocr_par ocr_line ocrx_word'/>
</head>
<body>
  <div class='ocr_page' id='page_1' title='image "./debreviloquenti01clemgoog_0020.png"; bbox 0 0 3152 5222; ppageno 0'>
   <div class='ocr_carea' id='block_1_1' title="bbox 601 492 819 555">
    <p class='ocr_par' dir='ltr' id='par_1_1' title="bbox 601 492 819 555">
     <span class='ocr_line' id='line_1_1' title="bbox 601 492 819 555; baseline 0.005 -18"><span class='ocrx_word' id='word_1_1' title='bbox 601 492 819 555; x_wconf 69' lang='grc' dir='ltr'>..Π-</span> 
     </span>
    </p>
   </div>
   <div class='ocr_carea' id='block_1_2' title="bbox 129 648 1296 1056">
    <p class='ocr_par' dir='ltr' id='par_1_2' title="bbox 129 648 1296 1056">
     <span class='ocr_line' id='line_1_2' title="bbox 132 648 1295 735; baseline 0 -19"><span class='ocrx_word' id='word_1_2' title='bbox 132 655 181 716; x_wconf 87' lang='lat' dir='ltr'>tur</span> <span class='ocrx_word' id='word_1_3' title='bbox 208 652 279 716; x_wconf 88' lang='lat' dir='ltr'>loco</span> <span class='ocrx_word' id='word_1_4' title='bbox 308 649 367 715; x_wconf 92' lang='lat' dir='ltr'>illo</span> <span class='ocrx_word' id='word_1_5' title='bbox 389 648 471 715; x_wconf 90' lang='lat' dir='ltr'><strong>VIII</strong></span> <span class='ocrx_word' id='word_1_6' title='bbox 491 650 525 735; x_wconf 89' lang='lat'>3,</span> <span class='ocrx_word' id='word_1_7' title='bbox 549 650 591 716; x_wconf 81' lang='lat'>82</span> <span class='ocrx_word' id='word_1_8' title='bbox 614 649 815 735; x_wconf 82' lang='lat' dir='ltr'>Gorgianam</span> <span class='ocrx_word' id='word_1_9' title='bbox 843 649 1016 715; x_wconf 86' lang='lat' dir='ltr'>brevitatis</span> <span class='ocrx_word' id='word_1_10' title='bbox 1044 649 1295 734; x_wconf 69' lang='lat' dir='ltr'>descriptionem</span> 
     </span>
     <span class='ocr_line' id='line_1_3' title="bbox 132 748 1295 842; baseline 0 -21"><span class='ocrx_word' id='word_1_11' title='bbox 132 757 277 822; x_wconf 84' lang='lat' dir='ltr'>exhibere</span> <span class='ocrx_word' id='word_1_12' title='bbox 301 779 321 820; x_wconf 98' lang='lat' dir='ltr'>a</span> <span class='ocrx_word' id='word_1_13' title='bbox 343 748 481 822; x_wconf 87' lang='lat' dir='ltr'>&#39;veritate</span> <span class='ocrx_word' id='word_1_14' title='bbox 503 756 590 822; x_wconf 87' lang='lat' dir='ltr'>haud</span> <span class='ocrx_word' id='word_1_15' title='bbox 618 757 760 822; x_wconf 89' lang='lat' dir='ltr'>alienum</span> <span class='ocrx_word' id='word_1_16' title='bbox 787 761 851 842; x_wconf 74' lang='lat' dir='ltr'>est,</span> <span class='ocrx_word' id='word_1_17' title='bbox 877 779 954 822; x_wconf 89' lang='lat' dir='ltr'>nam</span> <span class='ocrx_word' id='word_1_18' title='bbox 981 757 1066 842; x_wconf 90' lang='lat' dir='ltr'>quod</span> <span class='ocrx_word' id='word_1_19' title='bbox 1090 756 1131 822; x_wconf 91' lang='lat' dir='ltr'>ad</span> <span class='ocrx_word' id='word_1_20' title='bbox 1158 757 1295 821; x_wconf 84' lang='lat' dir='ltr'>alteram</span> 
     </span>
     <span class='ocr_line' id='line_1_4' title="bbox 131 861 1296 949; baseline -0.001 -22"><span class='ocrx_word' id='word_1_21' title='bbox 131 863 367 939; x_wconf 85' lang='lat' dir='ltr'>Quintilianeae</span> <span class='ocrx_word' id='word_1_22' title='bbox 381 863 578 930; x_wconf 87' lang='lat' dir='ltr'>definitionis</span> <span class='ocrx_word' id='word_1_23' title='bbox 593 868 720 949; x_wconf 90' lang='lat' dir='ltr'>partem</span> <span class='ocrx_word' id='word_1_24' title='bbox 735 863 855 928; x_wconf 88' lang='lat' dir='ltr'>attinet</span> <span class='ocrx_word' id='word_1_25' title='bbox 869 861 996 948; x_wconf 77' lang='lat' dir='ltr'>(paucis</span> <span class='ocrx_word' id='word_1_26' title='bbox 1008 863 1106 946; x_wconf 80' lang='lat' dir='ltr'>plura</span> <span class='ocrx_word' id='word_1_27' title='bbox 1119 862 1296 947; x_wconf 74' lang='lat' dir='ltr'>cuuplectr),</span> 
     </span>
     <span class='ocr_line' id='line_1_5' title="bbox 129 969 1295 1056; baseline 0.003 -24"><span class='ocrx_word' id='word_1_28' title='bbox 129 969 255 1053; x_wconf 83' lang='lat' dir='ltr'>probari</span> <span class='ocrx_word' id='word_1_29' title='bbox 267 969 395 1035; x_wconf 89' lang='lat' dir='ltr'>videtur</span> <span class='ocrx_word' id='word_1_30' title='bbox 407 969 553 1036; x_wconf 87' lang='lat' dir='ltr'>versibus</span> <span class='ocrx_word' id='word_1_31' title='bbox 565 970 643 1056; x_wconf 93' lang='lat' dir='ltr'>illis,</span> <span class='ocrx_word' id='word_1_32' title='bbox 654 971 711 1054; x_wconf 86' lang='lat' dir='ltr'>qni</span> <span class='ocrx_word' id='word_1_33' title='bbox 720 971 875 1054; x_wconf 86' lang='lat' dir='ltr'>leguntur</span> <span class='ocrx_word' id='word_1_34' title='bbox 887 969 973 1054; x_wconf 88' lang='lat' dir='ltr'>apud</span> <span class='ocrx_word' id='word_1_35' title='bbox 984 969 1295 1036; x_wconf 77' lang='lat' dir='ltr'>versificatorem</span> 
     </span>
    </p>
   </div>
   <div class='ocr_carea' id='block_1_3' title="bbox 7 1075 741 1163">
    <p class='ocr_par' dir='ltr' id='par_1_3' title="bbox 7 1075 741 1163">
     <span class='ocr_line' id='line_1_6' title="bbox 7 1075 741 1163; baseline 0.003 -24"><span class='ocrx_word' id='word_1_36' title='bbox 7 1077 8 1102; x_wconf 66' lang='lat'>¹</span> <span class='ocrx_word' id='word_1_37' title='bbox 130 1097 223 1160; x_wconf 83' lang='lat' dir='ltr'>supra</span> <span class='ocrx_word' id='word_1_38' title='bbox 245 1075 312 1141; x_wconf 84' lang='lat' dir='ltr'>iam</span> <span class='ocrx_word' id='word_1_39' title='bbox 336 1081 566 1163; x_wconf 87' lang='lat' dir='ltr'>memoratum,</span> <span class='ocrx_word' id='word_1_40' title='bbox 587 1078 741 1142; x_wconf 74' lang='grc'><strong>46-481</strong></span> 
     </span>
    </p>
   </div>
   <div class='ocr_carea' id='block_1_4' title="bbox 128 1217 1297 1518">
    <p class='ocr_par' dir='ltr' id='par_1_4' title="bbox 128 1217 1297 1518">
     <span class='ocr_line' id='line_1_7' title="bbox 128 1217 1297 1304; baseline 0.003 -24"><span class='ocrx_word' id='word_1_41' title='bbox 128 1219 345 1302; x_wconf 72' lang='grc' dir='ltr'><strong><em>βραχυλογία·</em></strong></span> <span class='ocrx_word' id='word_1_42' title='bbox 377 1219 439 1285; x_wconf 87' lang='lat' dir='ltr'>Est</span> <span class='ocrx_word' id='word_1_43' title='bbox 460 1219 590 1284; x_wconf 80' lang='lat' dir='ltr'>brevitas</span> <span class='ocrx_word' id='word_1_44' title='bbox 612 1221 728 1304; x_wconf 80' lang='lat' dir='ltr'>ruptim</span> <span class='ocrx_word' id='word_1_45' title='bbox 755 1240 823 1285; x_wconf 83' lang='lat' dir='ltr'>curu</span> <span class='ocrx_word' id='word_1_46' title='bbox 849 1220 984 1302; x_wconf 79' lang='lat' dir='ltr'>paucis</span> <span class='ocrx_word' id='word_1_47' title='bbox 1006 1218 1158 1284; x_wconf 85' lang='lat' dir='ltr'>dicimu&#39;</span> <span class='ocrx_word' id='word_1_48' title='bbox 1180 1217 1297 1283; x_wconf 85' lang='lat' dir='ltr'>uultu</span> 
     </span>
     <span class='ocr_line' id='line_1_8' title="bbox 374 1325 1189 1410; baseline 0.001 -20"><span class='ocrx_word' id='word_1_49' title='bbox 374 1326 511 1391; x_wconf 83' lang='lat' dir='ltr'>Mcuteru</span> <span class='ocrx_word' id='word_1_50' title='bbox 533 1327 718 1410; x_wconf 77' lang='lat' dir='ltr'>coutcmplu;</span> <span class='ocrx_word' id='word_1_51' title='bbox 741 1347 816 1390; x_wconf 86' lang='lat' dir='ltr'>uum</span> <span class='ocrx_word' id='word_1_52' title='bbox 839 1326 965 1392; x_wconf 88' lang='lat' dir='ltr'>cousilio</span> <span class='ocrx_word' id='word_1_53' title='bbox 987 1326 1102 1390; x_wconf 86' lang='lat' dir='ltr'>valuit:</span> <span class='ocrx_word' id='word_1_54' title='bbox 1123 1325 1189 1406; x_wconf 80' lang='lat' dir='ltr'>fors</span> 
     </span>
     <span class='ocr_line' id='line_1_9' title="bbox 374 1431 1296 1518; baseline -0.002 -20"><span class='ocrx_word' id='word_1_55' title='bbox 374 1431 502 1515; x_wconf 76' lang='lat' dir='ltr'>Derepit</span> <span class='ocrx_word' id='word_1_56' title='bbox 522 1453 605 1516; x_wconf 67' lang='grc'><strong>111111</strong></span> <span class='ocrx_word' id='word_1_57' title='bbox 627 1453 730 1518; x_wconf 83' lang='lat' dir='ltr'>suepe;</span> <span class='ocrx_word' id='word_1_58' title='bbox 757 1438 792 1497; x_wconf 89' lang='lat' dir='ltr'>at</span> <span class='ocrx_word' id='word_1_59' title='bbox 817 1433 905 1498; x_wconf 79' lang='lat' dir='ltr'>louis</span> <span class='ocrx_word' id='word_1_60' title='bbox 932 1437 990 1498; x_wconf 87' lang='lat' dir='ltr'>est:</span> <span class='ocrx_word' id='word_1_61' title='bbox 1013 1433 1150 1517; x_wconf 78' lang='lat' dir='ltr'>uuccdc,</span> <span class='ocrx_word' id='word_1_62' title='bbox 1170 1432 1296 1513; x_wconf 79' lang='lat' dir='ltr'>fatetur.</span> 
     </span>
    </p>
   </div>
   <div class='ocr_carea' id='block_1_5' title="bbox 126 1573 1299 2834">
    <p class='ocr_par' dir='ltr' id='par_1_5' title="bbox 126 1573 1299 2834">
     <span class='ocr_line' id='line_1_10' title="bbox 127 1573 1296 1661; baseline 0.002 -24"><span class='ocrx_word' id='word_1_63' title='bbox 127 1595 198 1638; x_wconf 85' lang='lat' dir='ltr'>eam</span> <span class='ocrx_word' id='word_1_64' title='bbox 220 1574 354 1640; x_wconf 84' lang='lat' dir='ltr'>fluxisse</span> <span class='ocrx_word' id='word_1_65' title='bbox 377 1598 417 1640; x_wconf 86' lang='lat' dir='ltr'>ex</span> <span class='ocrx_word' id='word_1_66' title='bbox 441 1575 564 1641; x_wconf 82' lang='lat' dir='ltr'>Graeco</span> <span class='ocrx_word' id='word_1_67' title='bbox 587 1576 728 1660; x_wconf 88' lang='lat' dir='ltr'>quodam</span> <span class='ocrx_word' id='word_1_68' title='bbox 750 1576 854 1661; x_wconf 84' lang='lat' dir='ltr'>fonte,</span> <span class='ocrx_word' id='word_1_69' title='bbox 877 1575 953 1660; x_wconf 89' lang='lat' dir='ltr'>quia</span> <span class='ocrx_word' id='word_1_70' title='bbox 976 1575 1041 1640; x_wconf 86' lang='lat' dir='ltr'>fere</span> <span class='ocrx_word' id='word_1_71' title='bbox 1060 1573 1173 1640; x_wconf 86' lang='lat' dir='ltr'>eedem</span> <span class='ocrx_word' id='word_1_72' title='bbox 1190 1574 1296 1640; x_wconf 87' lang='lat' dir='ltr'>brevi·</span> 
     </span>
     <span class='ocr_line' id='line_1_11' title="bbox 128 1679 1297 1767; baseline 0.002 -23"><span class='ocrx_word' id='word_1_73' title='bbox 128 1681 205 1744; x_wconf 89' lang='lat' dir='ltr'>tatis</span> <span class='ocrx_word' id='word_1_74' title='bbox 229 1679 375 1747; x_wconf 91' lang='lat' dir='ltr'>definitio</span> <span class='ocrx_word' id='word_1_75' title='bbox 398 1681 583 1754; x_wconf 87' lang='lat' dir='ltr'>illustratur</span> <span class='ocrx_word' id='word_1_76' title='bbox 605 1684 752 1767; x_wconf 84' lang='lat' dir='ltr'>exemplo</span> <span class='ocrx_word' id='word_1_77' title='bbox 782 1704 821 1747; x_wconf 86' lang='lat' dir='ltr'>ex</span> <span class='ocrx_word' id='word_1_78' title='bbox 845 1681 968 1746; x_wconf 83' lang='lat' dir='ltr'>Graeco</span> <span class='ocrx_word' id='word_1_79' title='bbox 998 1685 1128 1747; x_wconf 88' lang='lat' dir='ltr'>oratore</span> <span class='ocrx_word' id='word_1_80' title='bbox 1155 1684 1297 1766; x_wconf 87' lang='lat' dir='ltr'>sumptu.</span> 
     </span>
     <span class='ocr_line' id='line_1_12' title="bbox 129 1786 1297 1873; baseline 0.002 -23"><span class='ocrx_word' id='word_1_81' title='bbox 129 1786 286 1853; x_wconf 85' lang='lat' dir='ltr'>Graecum</span> <span class='ocrx_word' id='word_1_82' title='bbox 311 1792 419 1853; x_wconf 88' lang='lat' dir='ltr'>autem</span> <span class='ocrx_word' id='word_1_83' title='bbox 441 1789 528 1854; x_wconf 90' lang='lat' dir='ltr'>hunc</span> <span class='ocrx_word' id='word_1_84' title='bbox 549 1788 674 1855; x_wconf 84' lang='lat' dir='ltr'>fontem</span> <span class='ocrx_word' id='word_1_85' title='bbox 697 1810 763 1853; x_wconf 93' lang='lat' dir='ltr'>non</span> <span class='ocrx_word' id='word_1_86' title='bbox 786 1787 886 1852; x_wconf 88' lang='lat' dir='ltr'>alium</span> <span class='ocrx_word' id='word_1_87' title='bbox 904 1787 1005 1853; x_wconf 87' lang='lat' dir='ltr'>fuisse</span> <span class='ocrx_word' id='word_1_88' title='bbox 1029 1792 1127 1873; x_wconf 88' lang='lat' dir='ltr'>atque</span> <span class='ocrx_word' id='word_1_89' title='bbox 1146 1809 1235 1872; x_wconf 90' lang='lat' dir='ltr'>eum,</span> <span class='ocrx_word' id='word_1_90' title='bbox 1258 1809 1297 1852; x_wconf 83' lang='lat' dir='ltr'>ex</span> 
     </span>
     <span class='ocr_line' id='line_1_13' title="bbox 127 1892 1297 1980; baseline 0.001 -23"><span class='ocrx_word' id='word_1_91' title='bbox 127 1914 190 1977; x_wconf 90' lang='lat' dir='ltr'>qno</span> <span class='ocrx_word' id='word_1_92' title='bbox 213 1893 357 1977; x_wconf 86' lang='lat' dir='ltr'>priorem</span> <span class='ocrx_word' id='word_1_93' title='bbox 378 1899 506 1980; x_wconf 88' lang='lat' dir='ltr'>partem</span> <span class='ocrx_word' id='word_1_94' title='bbox 528 1895 639 1961; x_wconf 88' lang='lat' dir='ltr'>hausit</span> <span class='ocrx_word' id='word_1_95' title='bbox 662 1894 897 1980; x_wconf 77' lang='lat' dir='ltr'>Quintilianus,</span> <span class='ocrx_word' id='word_1_96' title='bbox 920 1895 1000 1960; x_wconf 88' lang='lat' dir='ltr'>satis</span> <span class='ocrx_word' id='word_1_97' title='bbox 1024 1897 1124 1979; x_wconf 85' lang='lat' dir='ltr'>patet.</span> <span class='ocrx_word' id='word_1_98' title='bbox 1146 1930 1191 1941; x_wconf 93' lang='lat'>—</span> <span class='ocrx_word' id='word_1_99' title='bbox 1213 1892 1297 1959; x_wconf 82' lang='lat' dir='ltr'>Ecce</span> 
     </span>
     <span class='ocr_line' id='line_1_14' title="bbox 126 1999 1297 2088; baseline 0.001 -25"><span class='ocrx_word' id='word_1_100' title='bbox 126 2019 219 2085; x_wconf 85' lang='lat' dir='ltr'>vero,</span> <span class='ocrx_word' id='word_1_101' title='bbox 243 2022 341 2084; x_wconf 85' lang='lat' dir='ltr'>quam</span> <span class='ocrx_word' id='word_1_102' title='bbox 363 2024 430 2068; x_wconf 90' lang='lat' dir='ltr'>nen</span> <span class='ocrx_word' id='word_1_103' title='bbox 451 2002 676 2088; x_wconf 76' lang='lat' dir='ltr'>perspexerint</span> <span class='ocrx_word' id='word_1_104' title='bbox 695 2025 733 2066; x_wconf 91' lang='lat' dir='ltr'>ea</span> <span class='ocrx_word' id='word_1_105' title='bbox 752 2024 833 2087; x_wconf 88' lang='lat' dir='ltr'>quae</span> <span class='ocrx_word' id='word_1_106' title='bbox 853 2000 1053 2086; x_wconf 87' lang='lat' dir='ltr'>scripserunt</span> <span class='ocrx_word' id='word_1_107' title='bbox 1072 2001 1133 2067; x_wconf 87' lang='lat' dir='ltr'>viri</span> <span class='ocrx_word' id='word_1_108' title='bbox 1151 2000 1218 2086; x_wconf 93' lang='lat' dir='ltr'>illi,</span> <span class='ocrx_word' id='word_1_109' title='bbox 1242 1999 1297 2086; x_wconf 89' lang='lat' dir='ltr'>qui</span> 
     </span>
     <span class='ocr_line' id='line_1_15' title="bbox 127 2106 1296 2196; baseline 0.001 -26"><span class='ocrx_word' id='word_1_110' title='bbox 127 2127 167 2170; x_wconf 88' lang='lat' dir='ltr'>ex</span> <span class='ocrx_word' id='word_1_111' title='bbox 194 2106 347 2191; x_wconf 89' lang='lat' dir='ltr'>operibus</span> <span class='ocrx_word' id='word_1_112' title='bbox 376 2108 582 2196; x_wconf 87' lang='lat' dir='ltr'>egregiorum</span> <span class='ocrx_word' id='word_1_113' title='bbox 609 2109 778 2174; x_wconf 80' lang='lat' dir='ltr'>rhetorum</span> <span class='ocrx_word' id='word_1_114' title='bbox 810 2107 940 2174; x_wconf 88' lang='lat' dir='ltr'>libellos</span> <span class='ocrx_word' id='word_1_115' title='bbox 977 2129 1053 2173; x_wconf 89' lang='lat' dir='ltr'>suos</span> <span class='ocrx_word' id='word_1_116' title='bbox 1088 2129 1187 2193; x_wconf 83' lang='lat' dir='ltr'>prave</span> <span class='ocrx_word' id='word_1_117' title='bbox 1214 2128 1296 2172; x_wconf 87' lang='lat' dir='ltr'>com·</span> 
     </span>
     <span class='ocr_line' id='line_1_16' title="bbox 126 2211 1297 2300; baseline 0.003 -25"><span class='ocrx_word' id='word_1_118' title='bbox 126 2211 321 2296; x_wconf 86' lang='lat' dir='ltr'>pilarerunt.</span> <span class='ocrx_word' id='word_1_119' title='bbox 367 2213 461 2293; x_wconf 92' lang='lat' dir='ltr'>Quod</span> <span class='ocrx_word' id='word_1_120' title='bbox 484 2215 569 2282; x_wconf 91' lang='lat' dir='ltr'>enim</span> <span class='ocrx_word' id='word_1_121' title='bbox 591 2215 733 2300; x_wconf 81' lang='lat' dir='ltr'>Gorgiae</span> <span class='ocrx_word' id='word_1_122' title='bbox 757 2217 790 2280; x_wconf 91' lang='lat' dir='ltr'>et</span> <span class='ocrx_word' id='word_1_123' title='bbox 809 2213 1004 2291; x_wconf 81' lang='lat' dir='ltr'>Quintiliani</span> <span class='ocrx_word' id='word_1_124' title='bbox 1027 2213 1209 2279; x_wconf 80' lang='lat' dir='ltr'>rectissime</span> <span class='ocrx_word' id='word_1_125' title='bbox 1231 2235 1297 2279; x_wconf 92' lang='lat' dir='ltr'>non</span> 
     </span>
     <span class='ocr_line' id='line_1_17' title="bbox 126 2318 1298 2408; baseline 0 -25"><span class='ocrx_word' id='word_1_126' title='bbox 126 2318 266 2404; x_wconf 82' lang='lat' dir='ltr'>figuram</span> <span class='ocrx_word' id='word_1_127' title='bbox 297 2341 367 2386; x_wconf 89' lang='lat' dir='ltr'>esse</span> <span class='ocrx_word' id='word_1_128' title='bbox 396 2320 584 2408; x_wconf 90' lang='lat' dir='ltr'>voluerunt,</span> <span class='ocrx_word' id='word_1_129' title='bbox 620 2322 652 2386; x_wconf 94' lang='lat' dir='ltr'>id</span> <span class='ocrx_word' id='word_1_130' title='bbox 689 2320 740 2385; x_wconf 89' lang='lat' dir='ltr'>illi</span> <span class='ocrx_word' id='word_1_131' title='bbox 769 2319 974 2405; x_wconf 87' lang='lat' dir='ltr'>ineptissime</span> <span class='ocrx_word' id='word_1_132' title='bbox 1010 2321 1104 2405; x_wconf 85' lang='lat' dir='ltr'>quasi</span> <span class='ocrx_word' id='word_1_133' title='bbox 1138 2319 1298 2386; x_wconf 85' lang='lat' dir='ltr'>divellunt</span> 
     </span>
     <span class='ocr_line' id='line_1_18' title="bbox 127 2424 1297 2514; baseline 0.001 -25"><span class='ocrx_word' id='word_1_134' title='bbox 127 2424 192 2490; x_wconf 90' lang='lat' dir='ltr'>sibi</span> <span class='ocrx_word' id='word_1_135' title='bbox 214 2425 279 2511; x_wconf 90' lang='lat' dir='ltr'>ipsi</span> <span class='ocrx_word' id='word_1_136' title='bbox 307 2431 543 2514; x_wconf 75' lang='lat' dir='ltr'>repugnantes,</span> <span class='ocrx_word' id='word_1_137' title='bbox 570 2450 643 2493; x_wconf 89' lang='lat' dir='ltr'>cum</span> <span class='ocrx_word' id='word_1_138' title='bbox 674 2427 729 2492; x_wconf 91' lang='lat' dir='ltr'>hic</span> <span class='ocrx_word' id='word_1_139' title='bbox 756 2427 866 2514; x_wconf 89' lang='lat' dir='ltr'>illam,</span> <span class='ocrx_word' id='word_1_140' title='bbox 895 2426 952 2491; x_wconf 92' lang='lat' dir='ltr'>ille</span> <span class='ocrx_word' id='word_1_141' title='bbox 982 2427 1067 2491; x_wconf 87' lang='lat' dir='ltr'>hanc</span> <span class='ocrx_word' id='word_1_142' title='bbox 1097 2426 1297 2492; x_wconf 88' lang='lat' dir='ltr'>definitionis</span> 
     </span>
     <span class='ocr_line' id='line_1_19' title="bbox 126 2531 1296 2619; baseline 0 -23"><span class='ocrx_word' id='word_1_143' title='bbox 126 2532 287 2618; x_wconf 81' lang='lat' dir='ltr'>genuinae</span> <span class='ocrx_word' id='word_1_144' title='bbox 311 2538 437 2617; x_wconf 89' lang='lat' dir='ltr'>partem</span> <span class='ocrx_word' id='word_1_145' title='bbox 459 2533 543 2599; x_wconf 87' lang='lat' dir='ltr'>falso</span> <span class='ocrx_word' id='word_1_146' title='bbox 567 2535 681 2619; x_wconf 88' lang='lat' dir='ltr'>figuris</span> <span class='ocrx_word' id='word_1_147' title='bbox 706 2533 904 2600; x_wconf 87' lang='lat' dir='ltr'>adnumeret.</span> <span class='ocrx_word' id='word_1_148' title='bbox 948 2533 1099 2599; x_wconf 89' lang='lat' dir='ltr'>Vidimus</span> <span class='ocrx_word' id='word_1_149' title='bbox 1123 2532 1209 2597; x_wconf 92' lang='lat' dir='ltr'>enim</span> <span class='ocrx_word' id='word_1_150' title='bbox 1231 2531 1296 2597; x_wconf 88' lang='lat' dir='ltr'>Ru·</span> 
     </span>
     <span class='ocr_line' id='line_1_20' title="bbox 126 2637 1297 2726; baseline 0.003 -25"><span class='ocrx_word' id='word_1_151' title='bbox 126 2637 238 2704; x_wconf 89' lang='lat' dir='ltr'>tilium</span> <span class='ocrx_word' id='word_1_152' title='bbox 262 2661 334 2705; x_wconf 88' lang='lat' dir='ltr'>eam</span> <span class='ocrx_word' id='word_1_153' title='bbox 352 2640 562 2725; x_wconf 88' lang='lat' dir='ltr'>brevitatem,</span> <span class='ocrx_word' id='word_1_154' title='bbox 587 2662 659 2726; x_wconf 89' lang='lat' dir='ltr'>qua</span> <span class='ocrx_word' id='word_1_155' title='bbox 681 2640 781 2706; x_wconf 91' lang='lat' dir='ltr'>nihil</span> <span class='ocrx_word' id='word_1_156' title='bbox 805 2640 984 2726; x_wconf 79' lang='lat' dir='ltr'>dicimus,</span> <span class='ocrx_word' id='word_1_157' title='bbox 1007 2640 1084 2704; x_wconf 91' lang='lat' dir='ltr'>nisi</span> <span class='ocrx_word' id='word_1_158' title='bbox 1107 2639 1210 2725; x_wconf 90' lang='lat' dir='ltr'>quod</span> <span class='ocrx_word' id='word_1_159' title='bbox 1228 2660 1297 2704; x_wconf 91' lang='lat' dir='ltr'>ne-</span> 
     </span>
     <span class='ocr_line' id='line_1_21' title="bbox 127 2746 1299 2834; baseline 0.001 -25"><span class='ocrx_word' id='word_1_160' title='bbox 127 2767 234 2810; x_wconf 86' lang='lat' dir='ltr'>cesse</span> <span class='ocrx_word' id='word_1_161' title='bbox 268 2750 342 2834; x_wconf 87' lang='lat' dir='ltr'>est,</span> <span class='ocrx_word' id='word_1_162' title='bbox 381 2746 422 2812; x_wconf 90' lang='lat' dir='ltr'>ad</span> <span class='ocrx_word' id='word_1_163' title='bbox 453 2748 575 2833; x_wconf 83' lang='lat' dir='ltr'>figuras</span> <span class='ocrx_word' id='word_1_164' title='bbox 608 2747 788 2833; x_wconf 88' lang='lat' dir='ltr'>rettulisse,</span> <span class='ocrx_word' id='word_1_165' title='bbox 826 2746 1081 2812; x_wconf 83' lang='lat' dir='ltr'>versificatorem</span> <span class='ocrx_word' id='word_1_166' title='bbox 1113 2768 1198 2832; x_wconf 89' lang='lat' dir='ltr'>eam,</span> <span class='ocrx_word' id='word_1_167' title='bbox 1235 2768 1299 2832; x_wconf 92' lang='lat' dir='ltr'>qua</span> 
     </span>
    </p>
   </div>
   <div class='ocr_carea' id='block_1_6' title="bbox 126 2843 1405 2940">
    <p class='ocr_par' dir='ltr' id='par_1_6' title="bbox 126 2843 1405 2940">
     <span class='ocr_line' id='line_1_22' title="bbox 126 2843 1405 2940; baseline 0.001 -24"><span class='ocrx_word' id='word_1_168' title='bbox 126 2852 243 2937; x_wconf 89' lang='lat' dir='ltr'>plura</span> <span class='ocrx_word' id='word_1_169' title='bbox 269 2853 406 2936; x_wconf 85' lang='lat' dir='ltr'>paucis</span> <span class='ocrx_word' id='word_1_170' title='bbox 436 2854 751 2939; x_wconf 87' lang='lat' dir='ltr'>complectimur:</span> <span class='ocrx_word' id='word_1_171' title='bbox 782 2856 957 2940; x_wconf 90' lang='lat' dir='ltr'>utrumque</span> <span class='ocrx_word' id='word_1_172' title='bbox 983 2852 1107 2918; x_wconf 89' lang='lat' dir='ltr'>factum</span> <span class='ocrx_word' id='word_1_173' title='bbox 1140 2857 1190 2918; x_wconf 85' lang='lat' dir='ltr'>est</span> <span class='ocrx_word' id='word_1_174' title='bbox 1217 2853 1297 2917; x_wconf 86' lang='lat' dir='ltr'>dila·</span> <span class='ocrx_word' id='word_1_175' title='bbox 1403 2843 1405 2847; x_wconf 38' lang='lat'><strong><em>¹</em></strong></span> 
     </span>
    </p>
   </div>
   <div class='ocr_carea' id='block_1_7' title="bbox 127 2959 1298 3045">
    <p class='ocr_par' dir='ltr' id='par_1_7' title="bbox 127 2959 1298 3045">
     <span class='ocr_line' id='line_1_23' title="bbox 127 2959 1298 3045; baseline 0 -21"><span class='ocrx_word' id='word_1_176' title='bbox 127 2963 238 3024; x_wconf 88' lang='lat' dir='ltr'>cerato</span> <span class='ocrx_word' id='word_1_177' title='bbox 257 2959 352 3044; x_wconf 85' lang='lat' dir='ltr'>quasi</span> <span class='ocrx_word' id='word_1_178' title='bbox 367 2960 499 3045; x_wconf 82' lang='lat' dir='ltr'>Gorgia.</span> <span class='ocrx_word' id='word_1_179' title='bbox 514 2996 556 3007; x_wconf 95' lang='lat'>—</span> <span class='ocrx_word' id='word_1_180' title='bbox 570 2959 687 3026; x_wconf 84' lang='lat' dir='ltr'>Restat</span> <span class='ocrx_word' id='word_1_181' title='bbox 705 2965 743 3026; x_wconf 91' lang='lat' dir='ltr'>ut</span> <span class='ocrx_word' id='word_1_182' title='bbox 762 2960 951 3026; x_wconf 89' lang='lat' dir='ltr'>denotemus</span> <span class='ocrx_word' id='word_1_183' title='bbox 974 2959 1115 3025; x_wconf 87' lang='lat' dir='ltr'>termino</span> <span class='ocrx_word' id='word_1_184' title='bbox 1134 2959 1298 3044; x_wconf 87' lang='lat' dir='ltr'>brachy-</span> 
     </span>
    </p>
   </div>
   <div class='ocr_carea' id='block_1_8' title="bbox 7 3055 1299 3160">
    <p class='ocr_par' dir='ltr' id='par_1_8' title="bbox 7 3055 1299 3160">
     <span class='ocr_line' id='line_1_24' title="bbox 7 3055 1299 3160; baseline 0 -30"><span class='ocrx_word' id='word_1_185' title='bbox 7 3055 14 3097; x_wconf 60' lang='grc'>’·</span> <span class='ocrx_word' id='word_1_186' title='bbox 127 3065 240 3151; x_wconf 87' lang='lat' dir='ltr'>logia</span> <span class='ocrx_word' id='word_1_187' title='bbox 271 3089 291 3131; x_wconf 87' lang='lat' dir='ltr'>a</span> <span class='ocrx_word' id='word_1_188' title='bbox 322 3066 486 3134; x_wconf 78' lang='lat' dir='ltr'>veteribus</span> <span class='ocrx_word' id='word_1_189' title='bbox 520 3067 619 3133; x_wconf 85' lang='lat' dir='ltr'>etiam</span> <span class='ocrx_word' id='word_1_190' title='bbox 651 3065 832 3153; x_wconf 83' lang='lat' dir='ltr'>asyndeti</span> <span class='ocrx_word' id='word_1_191' title='bbox 863 3065 1033 3151; x_wconf 88' lang='lat' dir='ltr'>figuram</span> <span class='ocrx_word' id='word_1_192' title='bbox 1065 3066 1195 3160; x_wconf 76' lang='lat' dir='ltr'>proprie</span> <span class='ocrx_word' id='word_1_193' title='bbox 1227 3087 1299 3131; x_wconf 87' lang='lat' dir='ltr'>esse</span> 
     </span>
    </p>
   </div>
   <div class='ocr_carea' id='block_1_9' title="bbox 127 3171 1299 3259">
    <p class='ocr_par' dir='ltr' id='par_1_9' title="bbox 127 3171 1299 3259">
     <span class='ocr_line' id='line_1_25' title="bbox 127 3171 1299 3259; baseline 0.001 -22"><span class='ocrx_word' id='word_1_194' title='bbox 127 3176 286 3238; x_wconf 84' lang='lat' dir='ltr'>vocatam.</span> <span class='ocrx_word' id='word_1_195' title='bbox 341 3171 495 3259; x_wconf 85' lang='lat' dir='ltr'>Legimus</span> <span class='ocrx_word' id='word_1_196' title='bbox 532 3173 618 3259; x_wconf 91' lang='lat' dir='ltr'>apud</span> <span class='ocrx_word' id='word_1_197' title='bbox 655 3173 944 3252; x_wconf 82' lang='lat' dir='ltr'>Quintilianum</span> <span class='ocrx_word' id='word_1_198' title='bbox 973 3171 1022 3238; x_wconf 91' lang='lat' dir='ltr'>IX</span> <span class='ocrx_word' id='word_1_199' title='bbox 1041 3173 1076 3259; x_wconf 86' lang='lat'>3,</span> <span class='ocrx_word' id='word_1_200' title='bbox 1099 3172 1156 3238; x_wconf 80' lang='lat'>50:</span> <span class='ocrx_word' id='word_1_201' title='bbox 1188 3178 1217 3238; x_wconf 90' lang='lat' dir='ltr'>et</span> <span class='ocrx_word' id='word_1_202' title='bbox 1245 3173 1299 3238; x_wconf 82' lang='lat' dir='ltr'>loc</span> 
     </span>
    </p>
   </div>
   <div class='ocr_carea' id='block_1_10' title="bbox 7 3277 1299 3368">
    <p class='ocr_par' dir='ltr' id='par_1_10' title="bbox 7 3277 1299 3368">
     <span class='ocr_line' id='line_1_26' title="bbox 7 3277 1299 3368; baseline 0.001 -25"><span class='ocrx_word' id='word_1_203' title='bbox 7 3289 8 3320; x_wconf 63' lang='lat'>¹</span> <span class='ocrx_word' id='word_1_204' title='bbox 126 3284 231 3344; x_wconf 84' lang='lat' dir='ltr'>autem</span> <span class='ocrx_word' id='word_1_205' title='bbox 245 3280 416 3363; x_wconf 77' lang='lat' dir='ltr'>cuempiam</span> <span class='ocrx_word' id='word_1_206' title='bbox 430 3277 511 3366; x_wconf 81' lang='lat' dir='ltr'>(of.§</span> <span class='ocrx_word' id='word_1_207' title='bbox 521 3280 579 3346; x_wconf 77' lang='lat'>49:</span> <span class='ocrx_word' id='word_1_208' title='bbox 592 3281 756 3368; x_wconf 81' lang='lat' dir='ltr'>sublata,</span> <span class='ocrx_word' id='word_1_209' title='bbox 769 3280 902 3364; x_wconf 83' lang='lat' dir='ltr'>deletu,</span> <span class='ocrx_word' id='word_1_210' title='bbox 916 3278 1102 3364; x_wconf 84' lang='lat' dir='ltr'>cutiuctu)</span> <span class='ocrx_word' id='word_1_211' title='bbox 1118 3284 1147 3344; x_wconf 87' lang='lat' dir='ltr'>et</span> <span class='ocrx_word' id='word_1_212' title='bbox 1158 3280 1299 3362; x_wconf 68' lang='lat' dir='ltr'>superius</span> 
     </span>
    </p>
   </div>
   <div class='ocr_carea' id='block_1_11' title="bbox 125 3383 1300 4005">
    <p class='ocr_par' dir='ltr' id='par_1_11' title="bbox 125 3383 1300 4005">
     <span class='ocr_line' id='line_1_27' title="bbox 128 3383 1300 3473; baseline 0 -23"><span class='ocrx_word' id='word_1_213' title='bbox 128 3383 182 3472; x_wconf 86' lang='lat' dir='ltr'>(cf.</span> <span class='ocrx_word' id='word_1_214' title='bbox 192 3386 234 3452; x_wconf 92' lang='lat' dir='ltr'>ib.</span> <span class='ocrx_word' id='word_1_215' title='bbox 244 3387 484 3472; x_wconf 74' lang='lat' dir='ltr'>iuvestiputu,</span> <span class='ocrx_word' id='word_1_216' title='bbox 498 3392 694 3473; x_wconf 75' lang='lat' dir='ltr'>compertu,</span> <span class='ocrx_word' id='word_1_217' title='bbox 702 3385 1024 3472; x_wconf 57' lang='lat' dir='ltr'>patefactuffiliruu</span> <span class='ocrx_word' id='word_1_218' title='bbox 1034 3406 1151 3467; x_wconf 78' lang='lat' dir='ltr'>quoquc</span> <span class='ocrx_word' id='word_1_219' title='bbox 1162 3385 1300 3468; x_wconf 74' lang='lat' dir='ltr'>efficiunt</span> 
     </span>
     <span class='ocr_line' id='line_1_28' title="bbox 125 3493 1299 3580; baseline 0.001 -23"><span class='ocrx_word' id='word_1_220' title='bbox 125 3495 276 3579; x_wconf 72' lang='lat' dir='ltr'>fipruum,</span> <span class='ocrx_word' id='word_1_221' title='bbox 300 3512 393 3580; x_wconf 78' lang='lat' dir='ltr'>quur,</span> <span class='ocrx_word' id='word_1_222' title='bbox 408 3495 483 3576; x_wconf 79' lang='lat' dir='ltr'>quic</span> <span class='ocrx_word' id='word_1_223' title='bbox 500 3494 762 3560; x_wconf 72' lang='lat' dir='ltr'>couiuuctiouilrus</span> <span class='ocrx_word' id='word_1_224' title='bbox 779 3499 872 3579; x_wconf 74' lang='lat' dir='ltr'>curu,</span> <span class='ocrx_word' id='word_1_225' title='bbox 890 3493 1087 3558; x_wconf 81' lang='lat' dir='ltr'>dissolutio</span> <span class='ocrx_word' id='word_1_226' title='bbox 1104 3497 1299 3570; x_wconf 64' lang='lat' dir='ltr'>uocatum...</span> 
     </span>
     <span class='ocr_line' id='line_1_29' title="bbox 127 3599 1299 3686; baseline -0.002 -21"><span class='ocrx_word' id='word_1_227' title='bbox 127 3599 200 3665; x_wconf 85' lang='lat' dir='ltr'>Hoc</span> <span class='ocrx_word' id='word_1_228' title='bbox 218 3621 315 3683; x_wconf 72' lang='lat' dir='ltr'>ycuus</span> <span class='ocrx_word' id='word_1_229' title='bbox 338 3599 663 3686; x_wconf 73' lang='grc' dir='ltr'><strong><em>,,βραχυλογίαν“</em></strong></span> <span class='ocrx_word' id='word_1_230' title='bbox 684 3605 802 3686; x_wconf 70' lang='lat' dir='ltr'>uocaui,</span> <span class='ocrx_word' id='word_1_231' title='bbox 824 3620 903 3682; x_wconf 76' lang='lat' dir='ltr'>quac</span> <span class='ocrx_word' id='word_1_232' title='bbox 917 3603 1018 3683; x_wconf 78' lang='lat' dir='ltr'>polest</span> <span class='ocrx_word' id='word_1_233' title='bbox 1039 3619 1102 3664; x_wconf 77' lang='lat' dir='ltr'>csse</span> <span class='ocrx_word' id='word_1_234' title='bbox 1123 3599 1299 3683; x_wconf 77' lang='lat' dir='ltr'>copulata</span> 
     </span>
     <span class='ocr_line' id='line_1_30' title="bbox 126 3705 1299 3792; baseline -0.002 -20"><span class='ocrx_word' id='word_1_235' title='bbox 126 3706 328 3772; x_wconf 82' lang='lat' dir='ltr'>dissolutio</span> <span class='ocrx_word' id='word_1_236' title='bbox 354 3707 386 3789; x_wconf 92' lang='lat' dir='ltr'>[i.</span> <span class='ocrx_word' id='word_1_237' title='bbox 410 3729 436 3772; x_wconf 89' lang='lat' dir='ltr'>a.</span> <span class='ocrx_word' id='word_1_238' title='bbox 461 3706 655 3792; x_wconf 86' lang='lat' dir='ltr'>asyndeton,</span> <span class='ocrx_word' id='word_1_239' title='bbox 679 3706 764 3791; x_wconf 92' lang='lat' dir='ltr'>quod</span> <span class='ocrx_word' id='word_1_240' title='bbox 788 3707 827 3770; x_wconf 92' lang='lat' dir='ltr'>fit</span> <span class='ocrx_word' id='word_1_241' title='bbox 847 3727 915 3770; x_wconf 93' lang='lat' dir='ltr'>non</span> <span class='ocrx_word' id='word_1_242' title='bbox 937 3705 971 3770; x_wconf 93' lang='lat' dir='ltr'>in</span> <span class='ocrx_word' id='word_1_243' title='bbox 998 3705 1202 3792; x_wconf 88' lang='lat' dir='ltr'>singulorum</span> <span class='ocrx_word' id='word_1_244' title='bbox 1229 3727 1299 3772; x_wconf 87' lang='lat' dir='ltr'>ver-</span> 
     </span>
     <span class='ocr_line' id='line_1_31' title="bbox 127 3812 1300 3898; baseline 0.001 -21"><span class='ocrx_word' id='word_1_245' title='bbox 127 3813 254 3898; x_wconf 87' lang='lat' dir='ltr'>borum,</span> <span class='ocrx_word' id='word_1_246' title='bbox 266 3812 323 3878; x_wconf 89' lang='lat' dir='ltr'>sed</span> <span class='ocrx_word' id='word_1_247' title='bbox 333 3813 575 3880; x_wconf 86' lang='lat' dir='ltr'>enuntiatorum</span> <span class='ocrx_word' id='word_1_248' title='bbox 586 3814 834 3894; x_wconf 67' lang='lat' dir='ltr'>coniunctione}</span> <span class='ocrx_word' id='word_1_249' title='bbox 859 3812 1061 3878; x_wconf 80' lang='lat' dir='ltr'>Uoutrurium</span> <span class='ocrx_word' id='word_1_250' title='bbox 1074 3814 1160 3878; x_wconf 87' lang='lat' dir='ltr'>idest</span> <span class='ocrx_word' id='word_1_251' title='bbox 1171 3813 1300 3897; x_wconf 74' lang='lat' dir='ltr'>suune,</span> 
     </span>
     <span class='ocr_line' id='line_1_32' title="bbox 126 3919 1298 4005; baseline -0.002 -20"><span class='ocrx_word' id='word_1_252' title='bbox 126 3921 210 4002; x_wconf 80' lang='lat' dir='ltr'>quud</span> <span class='ocrx_word' id='word_1_253' title='bbox 225 3921 488 3987; x_wconf 75' lang='lat' dir='ltr'>ceuiuuctuuibus</span> <span class='ocrx_word' id='word_1_254' title='bbox 505 3921 650 3986; x_wconf 79' lang='lat' dir='ltr'>abundet.</span> <span class='ocrx_word' id='word_1_255' title='bbox 679 3919 718 3986; x_wconf 89' lang='lat' dir='ltr'>cf.</span> <span class='ocrx_word' id='word_1_256' title='bbox 734 3919 835 3985; x_wconf 87' lang='lat' dir='ltr'>etiam</span> <span class='ocrx_word' id='word_1_257' title='bbox 853 3919 1005 3986; x_wconf 83' lang='lat' dir='ltr'>Anaxim.</span> <span class='ocrx_word' id='word_1_258' title='bbox 1023 3942 1121 4005; x_wconf 91' lang='lat' dir='ltr'>supra</span> <span class='ocrx_word' id='word_1_259' title='bbox 1143 3943 1174 4004; x_wconf 93' lang='lat' dir='ltr'>p.</span> <span class='ocrx_word' id='word_1_260' title='bbox 1194 3920 1298 3984; x_wconf 81' lang='grc'><strong>6-7.</strong></span> 
     </span>
    </p>
   </div>
   <div class='ocr_carea' id='block_1_12' title="bbox 125 4058 1301 4574">
    <p class='ocr_par' dir='ltr' id='par_1_12' title="bbox 125 4058 1301 4574">
     <span class='ocr_line' id='line_1_33' title="bbox 218 4058 1298 4148; baseline -0.004 -22"><span class='ocrx_word' id='word_1_261' title='bbox 218 4060 356 4126; x_wconf 89' lang='lat' dir='ltr'>Dicendi</span> <span class='ocrx_word' id='word_1_262' title='bbox 378 4062 530 4147; x_wconf 88' lang='lat' dir='ltr'>magistri</span> <span class='ocrx_word' id='word_1_263' title='bbox 549 4067 582 4129; x_wconf 92' lang='lat' dir='ltr'>et</span> <span class='ocrx_word' id='word_1_264' title='bbox 604 4061 810 4148; x_wconf 88' lang='lat' dir='ltr'>grammatici</span> <span class='ocrx_word' id='word_1_265' title='bbox 832 4061 1023 4127; x_wconf 87' lang='lat' dir='ltr'>recentioris</span> <span class='ocrx_word' id='word_1_266' title='bbox 1046 4059 1165 4126; x_wconf 89' lang='lat' dir='ltr'>aetatis</span> <span class='ocrx_word' id='word_1_267' title='bbox 1187 4058 1298 4123; x_wconf 87' lang='lat' dir='ltr'>Laur.</span> 
     </span>
     <span class='ocr_line' id='line_1_34' title="bbox 127 4165 1298 4254; baseline -0.002 -23"><span class='ocrx_word' id='word_1_268' title='bbox 127 4165 258 4252; x_wconf 85' lang='lat' dir='ltr'>Valla,</span> <span class='ocrx_word' id='word_1_269' title='bbox 289 4165 496 4254; x_wconf 83' lang='lat' dir='ltr'>Scaligeri,</span> <span class='ocrx_word' id='word_1_270' title='bbox 524 4166 719 4254; x_wconf 83' lang='lat' dir='ltr'>Sanctius,</span> <span class='ocrx_word' id='word_1_271' title='bbox 751 4168 809 4233; x_wconf 86' lang='lat' dir='ltr'>elii</span> <span class='ocrx_word' id='word_1_272' title='bbox 835 4168 994 4233; x_wconf 89' lang='lat' dir='ltr'>terminos</span> <span class='ocrx_word' id='word_1_273' title='bbox 1021 4167 1097 4232; x_wconf 88' lang='lat' dir='ltr'>illos</span> <span class='ocrx_word' id='word_1_274' title='bbox 1125 4165 1166 4230; x_wconf 84' lang='lat' dir='ltr'>sd</span> <span class='ocrx_word' id='word_1_275' title='bbox 1193 4169 1298 4230; x_wconf 87' lang='lat' dir='ltr'>certae</span> 
     </span>
     <span class='ocr_line' id='line_1_35' title="bbox 125 4267 1299 4359; baseline -0.002 -21"><span class='ocrx_word' id='word_1_276' title='bbox 125 4271 299 4338; x_wconf 84' lang='lat' dir='ltr'>brevitatis</span> <span class='ocrx_word' id='word_1_277' title='bbox 314 4267 435 4339; x_wconf 80' lang='lat' dir='ltr'>formas</span> <span class='ocrx_word' id='word_1_278' title='bbox 449 4275 678 4359; x_wconf 87' lang='lat' dir='ltr'>significandas</span> <span class='ocrx_word' id='word_1_279' title='bbox 696 4297 762 4340; x_wconf 93' lang='lat' dir='ltr'>non</span> <span class='ocrx_word' id='word_1_280' title='bbox 775 4275 1001 4340; x_wconf 89' lang='lat' dir='ltr'>adhibuerunt.</span> <span class='ocrx_word' id='word_1_281' title='bbox 1036 4271 1158 4338; x_wconf 89' lang='lat' dir='ltr'>Nostro</span> <span class='ocrx_word' id='word_1_282' title='bbox 1169 4271 1299 4337; x_wconf 89' lang='lat' dir='ltr'>demum</span> 
     </span>
     <span class='ocr_line' id='line_1_36' title="bbox 126 4378 1300 4462; baseline 0 -18"><span class='ocrx_word' id='word_1_283' title='bbox 126 4379 259 4444; x_wconf 87' lang='lat' dir='ltr'>saeculo</span> <span class='ocrx_word' id='word_1_284' title='bbox 281 4378 317 4448; x_wconf 84' lang='lat' dir='ltr'>L.</span> <span class='ocrx_word' id='word_1_285' title='bbox 337 4379 573 4447; x_wconf 90' lang='lat' dir='ltr'>Doederlein</span> <span class='ocrx_word' id='word_1_286' title='bbox 599 4381 633 4446; x_wconf 87' lang='lat' dir='ltr'>in</span> <span class='ocrx_word' id='word_1_287' title='bbox 661 4381 935 4447; x_wconf 91' lang='lat' dir='ltr'>commentatione</span> <span class='ocrx_word' id='word_1_288' title='bbox 961 4380 1020 4444; x_wconf 88' lang='lat' dir='ltr'>illa</span> <span class='ocrx_word' id='word_1_289' title='bbox 1047 4381 1083 4444; x_wconf 84' lang='lat' dir='ltr'>cle</span> <span class='ocrx_word' id='word_1_290' title='bbox 1105 4379 1300 4462; x_wconf 65' lang='lat' dir='ltr'>brachylogia</span> 
     </span>
     <span class='ocr_line' id='line_1_37' title="bbox 125 4484 1301 4574; baseline -0.001 -22"><span class='ocrx_word' id='word_1_291' title='bbox 125 4487 279 4552; x_wconf 73' lang='lat' dir='ltr'>summis</span> <span class='ocrx_word' id='word_1_292' title='bbox 307 4485 420 4554; x_wconf 81' lang='lat' dir='ltr'>Gracci</span> <span class='ocrx_word' id='word_1_293' title='bbox 445 4493 475 4553; x_wconf 89' lang='lat' dir='ltr'>ct</span> <span class='ocrx_word' id='word_1_294' title='bbox 501 4484 613 4553; x_wconf 87' lang='lat' dir='ltr'>Lutiui</span> <span class='ocrx_word' id='word_1_295' title='bbox 642 4511 673 4574; x_wconf 91' lang='lat' dir='ltr'>p.</span> <span class='ocrx_word' id='word_1_296' title='bbox 694 4489 711 4553; x_wconf 90' lang='lat'>1</span> <span class='ocrx_word' id='word_1_297' title='bbox 732 4510 757 4554; x_wconf 89' lang='lat' dir='ltr'>s.</span> <span class='ocrx_word' id='word_1_298' title='bbox 776 4492 809 4553; x_wconf 91' lang='lat' dir='ltr'>et</span> <span class='ocrx_word' id='word_1_299' title='bbox 831 4487 866 4552; x_wconf 92' lang='lat' dir='ltr'>in</span> <span class='ocrx_word' id='word_1_300' title='bbox 886 4487 1110 4572; x_wconf 74' lang='lat' dir='ltr'>prolcpomeuis</span> <span class='ocrx_word' id='word_1_301' title='bbox 1132 4487 1176 4553; x_wconf 86' lang='lat' dir='ltr'>ad</span> <span class='ocrx_word' id='word_1_302' title='bbox 1199 4486 1301 4552; x_wconf 81' lang='lat' dir='ltr'>Taciti</span> 
     </span>
    </p>
   </div>
   <div class='ocr_carea' id='block_1_13' title="bbox 0 0 1580 5222">
    <p class='ocr_par' dir='ltr' id='par_1_13' title="bbox 0 0 1580 5222">
     <span class='ocr_line' id='line_1_38' title="bbox 0 0 1580 5222; baseline 0 1"><span class='ocrx_word' id='word_1_303' title='bbox 0 0 1580 5222; x_wconf 95' lang='lat' dir='ltr'> </span> 
     </span>
    </p>
   </div>
  </div>
 </body>
</html>
