3158 5226
788 471 1008 535 ‚92-

403 633 439 718 γ)
471 631 675 697 enuntiatum
708 631 748 696 ab
780 629 881 714 qued
912 629 1069 714 incipiens
1097 629 1244 713 sequitur
1266 629 1372 694 aretio
1401 628 1479 693 obli-

316 761 392 822 qua:
422 737 484 805 An.
498 737 560 802 XV
577 739 634 823 13,
655 740 712 802 11:
741 739 866 819 primas
896 741 998 802 tamea
1033 737 1138 801 literas
1166 737 1210 801 od
1232 735 1394 819 Voloyescu
1422 755 1481 799 um

315 845 472 930 supplices,
495 847 548 910 scol
568 846 603 909 iu
626 845 750 909 modum
767 845 919 926 querentis
937 844 1111 927 composuit,
1133 844 1215 926 quod
1225 864 1286 926 pro
1304 843 1481 906 Armeniis-

315 949 441 1016 tostillo
461 950 588 1031 tuomet:
604 972 715 1035 pacem
737 971 774 1015 ca
796 972 889 1032 aequo
912 951 1019 1014 rotlluu
1041 952 1075 1014 et
1089 973 1118 1035 q.
1134 971 1159 1014 s.

405 1055 597 1122 Enotendus
616 1062 667 1123 est
685 1058 789 1141 Iocus,
817 1079 883 1142 quo
906 1055 1131 1122 coniunctione
1153 1056 1326 1121 verborum
1352 1075 1484 1120 menus

317 1163 473 1227 tendere
502 1163 594 1229 notio
617 1163 731 1229 orandi
755 1163 908 1228 effieItur:
933 1163 994 1227 An.
1008 1162 1073 1228 XII
1090 1163 1142 1248 65,
1158 1163 1213 1227 16ι
1236 1163 1322 1227 modo
1348 1162 1391 1226 od
1407 1161 1485 1242 deos,

316 1269 404 1334 modo
426 1270 470 1334 ad
490 1271 592 1352 ipsum
622 1271 739 1334 tcuduc
767 1290 896 1352 mamus,
925 1270 1117 1353 adolesceret,
1140 1270 1245 1352 patris
1274 1269 1416 1332 iuimicos
1438 1268 1484 1331 ole-

310 1375 443 1458 pellerct
462 1377 573 1442 matris
590 1377 683 1441 ctiam
697 1377 901 1457 interfectores
914 1377 1107 1441 ulcisceretur
1119 1373 1356 1462 (11.1V34,24:
1374 1393 1486 1438 mauus

317 1482 360 1545 ad
381 1483 512 1547 obsessos
530 1483 660 1566 tendere,
689 1503 727 1547 ue
751 1484 878 1566 tempori
899 1484 1049 1559 deesscut;
1072 1519 1116 1528 —
1135 1481 1164 1546 V
1183 1483 1310 1568 16,17;
1339 1483 1382 1546 ool
1402 1500 1486 1544 cuer-

317 1587 411 1652 citum
426 1587 647 1654 Germanicum
665 1610 777 1654 mauus
796 1590 943 1672 teudcbot,
966 1594 1002 1653 ut
1022 1609 1112 1654 suam
1134 1585 1488 1672 repam-recuruatum).

318 1692 380 1758 His
404 1694 484 1759 loeis
510 1696 707 1781 comparatis
730 1695 870 1760 fortasse
893 1696 996 1780 loeus,
1025 1695 1080 1780 qui
1108 1695 1196 1760 varie
1219 1699 1365 1760 tentatus
1393 1697 1447 1758 est
1470 1714 1489 1756 a

317 1797 396 1862 viris
421 1798 536 1887 doctis,
558 1801 687 1867 defendi
710 1805 829 1887 potest.
867 1801 1002 1888 Legitur
1025 1801 1112 1866 enim
1134 1799 1195 1865 An.
1211 1800 1287 1866 XIV
1305 1801 1358 1886 61,
1372 1800 1391 1865 8
1407 1822 1489 1884 seq.:

317 1925 396 1987 quac
425 1926 542 1990 semper
575 1909 659 1992 oclio,
691 1913 756 1973 tum
788 1913 817 1972 ct
847 1912 928 1972 mctu
959 1913 1065 1993 atrou,
1099 1927 1138 1972 uc
1175 1914 1231 1973 aut
1265 1907 1350 1990 vulpi
1385 1909 1491 1970 acrior

317 2011 364 2076 m's
389 2013 544 2094 iupmurct
569 2019 626 2101 out
647 2015 731 2079 Nero
757 2014 956 2079 iucliuotlouc
976 2015 1088 2097 populi
1115 2018 1301 2098 mutaretur,
1324 2013 1492 2097 prouoluta

314 2118 442 2200 pacilus
465 2121 545 2205 clus,
567 2141 629 2186 mou
652 2142 685 2186 eo
709 2122 766 2186 loci
787 2141 836 2186 res
865 2141 939 2186 suas
961 2122 1027 2204 api,
1054 2126 1090 2186 ut
1110 2122 1146 2185 clo
1172 2119 1370 2186 matrimonio
1399 2120 1492 2183 certet
1561 2188 1562 2212 ,

318 2226 352 2287 et
368 2246 398 2308 q.
412 2247 437 2291 s.

407 2331 610 2398 infinitivum
645 2335 709 2419 agi
745 2335 780 2399 in
818 2335 874 2399 eit
915 2334 1057 2399 mutavit
1088 2332 1343 2417 Bezzenberger3
1379 2329 1494 2396 Ritter

319 2433 436 2524 (1864)
464 2440 597 2526 scripsit
626 2441 691 2526 agi
719 2441 784 2505 eit.
835 2439 1072 2505 Emendatione
1103 2462 1184 2525 opus
1213 2459 1279 2504 non
1310 2442 1375 2522 sst3
1410 2460 1493 2504 uem

318 2541 467 2610 Tacitum
491 2568 549 2631 pro
573 2547 696 2612 usitate
714 2547 855 2612 dictione
881 2568 940 2611 res
966 2552 1082 2612 osteo
1107 2546 1183 2611 loei
1210 2545 1314 2611 dicere
1338 2544 1491 2630 potuisse

319 2671 381 2713 res
405 2652 537 2736 egitur
561 2675 603 2718 eo
627 2653 722 2739 loci,
751 2653 814 2719 etsi
842 2653 924 2717 elias
954 2674 1022 2717 non
1049 2653 1227 2738 invenitur,
1254 2656 1365 2717 temen
1386 2673 1491 2716 neme

319 2757 456 2840 negabit
480 2755 532 2846 (cl.
547 2759 653 2844 Hand,
675 2759 767 2825 Ture.
783 2759 817 2825 II
830 2783 860 2845 p.
874 2760 953 2844 4093
977 2758 1102 2844 Haase,
1130 2757 1285 2824 Zeitsebr.
1298 2758 1319 2822 f.
1334 2757 1403 2822 Alt.
1413 2793 1426 2804 -
1438 2758 1493 2822 W.

322 2861 406 2928 1838
426 2887 454 2949 p.
475 2867 552 2951 2683
576 2866 691 2953 Halm,
714 2866 745 2933 J.
763 2866 876 2932 Jahrb.
894 2866 937 2930 56
956 2889 987 2950 p.
1001 2863 1067 2949 29).
1123 2863 1186 2930 Sed
1215 2864 1389 2931 offenditur
1421 2866 1494 2950 ple-

319 2989 454 3054 rumque
476 2971 511 3036 in
530 2973 705 3038 omissione
726 2973 815 3038 verbi
837 2971 938 3056 finiti,
962 2993 1001 3036 ex
1024 2993 1087 3056 quo
1106 2971 1261 3056 penderet
1284 2971 1494 3037 aecusativus

254 3155 258 3166 .
276 3101 284 3120 ·
319 3095 392 3139 cum
407 3075 584 3143 infinitivo:
603 3101 667 3144 non
685 3079 763 3164 iure,
785 3083 823 3143 ut
838 3078 918 3142 mihi
936 3078 1073 3143 videtur.
1105 3078 1334 3163 Interpungss,
1352 3099 1495 3163 quaeso:

318 3201 396 3262 quac
417 3189 657 3268 smper-aum,
680 3189 920 3267 ree-mutaretur,
936 3185 1101 3267 prouoluta
1119 3186 1247 3267 quimus
1265 3187 1348 3250 eius:
1369 3205 1435 3248 uou
1460 3207 1496 3249 eo

320 3287 378 3352 loci
400 3309 448 3354 res
470 3311 544 3356 noas
566 3293 632 3375 opi,
654 3296 690 3357 ut
712 3293 746 3356 et
759 3313 790 3375 q.
805 3313 829 3355 s.
869 3290 922 3355 Ad
941 3291 1149 3376 perticipium
1168 3291 1250 3356 illud
1275 3290 1497 3376 provoluta

319 3394 472 3480 suppleas
496 3400 574 3463 est.
607 3397 680 3464 Etsi
695 3396 770 3463 eliis
785 3397 979 3482 quibusdem
998 3397 1079 3463 Iocis
1094 3397 1156 3464 An.
1169 3397 1217 3464 XI
1234 3398 1292 3482 30,
1308 3399 1345 3462 2:
1360 3399 1498 3480 portibus

319 3499 462 3568 Caesaris
497 3505 661 3588 provoluto
705 3506 845 3588 numine
881 3504 1088 3569 Messalinam
1126 3504 1205 3569 Silio
1247 3504 1412 3588 mclomat,
1459 3509 1497 3570 et

318 3605 382 3674 XII
401 3609 451 3694 18,
466 3611 575 3677 I--8:
602 3611 787 3695 acrioresque
816 3611 882 3676 eim
905 3611 1101 3694 prouoluta,
1131 3611 1347 3695 Mithridates,
1377 3612 1498 3698 iuquit,

319 3717 402 3779 terra
422 3717 561 3800 morigere
574 3717 904 3800 noioeane-omenes
928 3721 1034 3799 sponte
1058 3719 1169 3782 auum
1192 3717 1368 3783 dictimem
1397 3741 1496 3802 pro-

319 3821 424 3886 volvi
459 3823 621 3908 genibus
654 3823 821 3889 slicuius
858 3822 1005 3908 eequitm
1027 3823 1162 3888 verbum
1186 3823 1327 3909 dicendi,
1356 3846 1395 3888 ex
1425 3848 1497 3910 quo

319 3925 439 4012 pendet
468 3929 672 3994 aeeusetivus
701 3949 774 3995 eum
804 3927 982 4013 infinitivo,
1012 3933 1158 3996 ettamen
1190 3952 1288 3996 esuss
1318 3952 1386 3995 non
1417 3953 1496 3998 esse

319 4031 456 4116 videtur,
478 4035 653 4102 ceretium
672 4039 784 4102 nostro
804 4036 876 4100 loeo
895 4035 1029 4100 verbnm
1048 4035 1176 4102 dicendi
1193 4037 1389 4122 inseremus3
1412 4060 1497 4104 nem

320 4143 356 4206 nt
384 4139 455 4206 loeo
484 4139 547 4208 IIII
575 4141 631 4228 66,
661 4143 699 4207 16
737 4141 836 4208 dictio
866 4161 999 4208 menne
1028 4143 1203 4230 tendere,
1237 4166 1303 4229 que
1341 4143 1389 4208 nil
1424 4145 1499 4210 nisi

320 4249 433 4330 gestus
457 4247 580 4314 orantis
604 4245 811 4334 exprimitur,
833 4246 915 4314 setis
938 4249 1027 4314 velet
1049 4249 1090 4314 sd
1114 4251 1296 4315 orationem
1320 4249 1498 4335 obliquam

320 4349 547 4440 inducendum,
577 4353 626 4420 its
653 4353 753 4422 etiem
784 4353 958 4420 dietieuem
993 4357 1160 4440 genibus
1194 4357 1365 4422 alicuius
1403 4380 1500 4443 pro-

320 4455 427 4526 volvi
466 4460 644 4550 supplicem
673 4443 901 4550 depingentem
936 4461 1028 4550 sequi
1062 4467 1174 4548 potest
1208 4463 1315 4534 cretio
1345 4463 1499 4552 oblique.
