3158 5226
567 472 788 536 ..99-

106 631 262 716 proposuit
284 631 510 698 coniunctione
540 636 581 696 ut
611 636 686 696 ante
718 632 894 717 quamvis
924 633 959 698 in
982 638 1107 699 textum
1130 635 1267 720 inserta,

20 743 21 776 ³
106 760 167 803 cum
202 742 332 804 secutus
372 743 423 804 est
450 737 618 803 Andresen
650 739 685 802 in
718 738 766 804 ed.
786 737 833 804 lV
866 740 1099 823 recognitionis
1127 739 1267 828 Nipper-

107 844 237 910 doianae.

182 951 245 1017 Pro
278 955 368 1018 certo
399 952 560 1018 affirmare
593 951 670 1016 lieet
697 952 868 1036 particulis
899 953 1101 1018 iam-exim
1131 955 1268 1020 indicari

105 1080 147 1142 ea,
175 1081 256 1143 quae
280 1059 323 1123 iis
345 1059 431 1124 inter
454 1081 488 1124 se
511 1059 769 1144 coniungantur,
799 1057 855 1122 uni
886 1058 1055 1145 eidemque
1086 1063 1267 1126 structurae

105 1187 165 1228 esse
202 1165 391 1250 subiuncta3
429 1167 640 1251 quamobrem
677 1164 789 1229 durius
825 1165 949 1251 Ritter,
984 1165 1111 1252 Baiter,
1150 1167 1268 1254 Haase,

103 1270 237 1358 Draeger
261 1274 436 1341 verborum
461 1272 719 1339 coniunctionem
739 1272 831 1356 quasi
857 1272 1017 1338 divellunt
1035 1295 1130 1339 voces
1156 1295 1266 1358 opes·

20 1381 21 1392 ’
104 1377 256 1443 decora
298 1384 335 1445 ut
373 1379 592 1445 nominativos
628 1379 670 1444 ad
711 1381 893 1462 exusta,
930 1384 1118 1464 sequentem
1157 1385 1267 1448 autem

20 1569 22 1644 l

20 1663 22 1710 l

102 1485 259 1551 notionem
296 1489 559 1552 monumenta
595 1489 633 1550 ut
669 1485 889 1550 accusativum
927 1485 968 1550 ad
1001 1487 1267 1554 meminerint

101 1592 268 1658 referendo.
302 1590 409 1679 (Quod
430 1592 472 1656 ad
494 1593 718 1677 omissionem,
746 1592 836 1658 verbi
863 1597 1000 1657 exusta
1024 1597 1114 1658 sunt
1139 1593 1268 1678 attinet,

101 1721 188 1782 quam
215 1701 280 1765 hoo
312 1700 384 1764 loco
414 1698 546 1766 admitti
575 1699 721 1784 potuisse
752 1699 793 1763 ab
824 1698 974 1763 omnibus
1004 1703 1135 1785 praeter
1164 1723 1266 1764 unum
1332 1777 1335 1782 ,

100 1803 327 1892 Nipperdeium
353 1805 554 1889 conceditur,
578 1827 655 1870 sane
678 1805 714 1870 in
737 1827 775 1870 ea
798 1805 1025 1870 offendendum
1048 1811 1201 1871 nonest:
1226 1806 1266 1874 cf.

100 1934 132 1975 ea
158 1935 241 1997 quae
273 1935 374 1996 supra
401 1909 634 1998 exposuimus).
666 1948 706 1958 -
740 1911 935 1977 Emendatio
960 1911 1151 1998 Holmiana,
1184 1934 1265 1998 quae

99 2040 163 2083 eam
187 2019 360 2104 duritiam,
390 2042 487 2105 quam
515 2018 611 2084 modo
636 2018 881 2104 descripsimus,
912 2023 944 2083 et
973 2019 1082 2104 illam,
1112 2041 1207 2104 quae,
1238 2020 1266 2084 si

20 2209 21 2214 ἵ
99 2123 258 2190 Waltheri
281 2126 531 2211 explicationem
555 2129 685 2190 secutus
709 2125 782 2209 eris,
807 2147 846 2190 ex
868 2146 906 2190 eo
926 2126 1156 2211 proficiscetur,
1180 2126 1266 2210 quod

98 2232 297 2298 enuntiatum
320 2233 679 2316 quumvis-meminerint
705 2231 790 2296 male
814 2231 1079 2298 antecedentibus
1109 2235 1267 2316 tanquam

99 2340 245 2424 apodosis
270 2339 432 2404 adnexum
454 2343 518 2424 est,
544 2339 666 2404 evitare
689 2339 777 2423 vult,
804 2359 922 2403 novam
946 2337 1017 2423 ipsa
1040 2337 1165 2423 gignit,
1193 2360 1266 2403 oum

20 2485 21 2512 l
98 2445 223 2511 Tacitus
254 2447 459 2510 enuntiatum
491 2445 734 2510 consecutivum
764 2443 933 2510 enuntiato
964 2444 1062 2510 verbo
1079 2444 1183 2510 -finito
1213 2467 1265 2510 ca·

20 2515 22 2638 l

97 2555 223 2618 renti-
239 2553 305 2618 nisi
319 2553 453 2617 verbum
469 2552 710 2617 substantivum
726 2552 867 2636 excipias
883 2550 1131 2635 —subiungere
1148 2551 1265 2618 solitus

20 2661 21 2708 l
95 2660 226 2725 nonsit.
266 2659 404 2744 Reliqua
426 2658 530 2743 igitur
552 2662 603 2724 est
621 2657 800 2743 Nipperdei
819 2657 1002 2743 explicatio,
1024 2657 1059 2722 in
1082 2679 1146 2742 qua
1169 2679 1266 2744 aegre

96 2766 254 2851 acquiesci
276 2770 397 2850 potest,
419 2765 483 2830 nisi
506 2765 605 2831 scribi
629 2765 748 2830 mavis:
772 2802 814 2811 -
833 2766 950 2849 decora
973 2765 1046 2828 cuia
1069 2770 1266 2830 monumento

95 2875 323 2938 interierunt
350 2873 481 2954 uotique
509 2877 537 2936 el
565 2873 757 2956 incorrupta,
788 2868 862 2958 (ita)
893 2876 928 2936 ul
946 2873 979 2935 et
993 2893 1023 2955 q.
1038 2892 1063 2936 s.
1107 2869 1266 2936 Similiter

94 2978 223 3046 Tacitus
247 2979 282 3044 in
306 2980 368 3043 fine
391 2978 591 3043 narrationis
619 2977 757 3043 alicuius
786 2978 956 3043 enuntiato
987 2977 1193 3042 consecutivo
1224 2979 1265 3043 ab
1294 3039 1297 3046 ⁴

96 3090 131 3150 ut
153 3085 332 3170 incipiente
356 3085 517 3170 exposuit,
541 3106 623 3169 quac
647 3106 723 3148 suae
748 3084 866 3148 aetatis
885 3083 1033 3148 homines
1053 3084 1266 3169 cogitassent:

93 3193 178 3258 11.ss
193 3194 248 3277 46,
266 3192 399 3276 seseq:
422 3212 475 3256 uec
491 3192 688 3274 praetoriani
710 3195 839 3275 mutum,
852 3192 1001 3273 proprius
1021 3189 1147 3256 Otbouis
1170 3193 1265 3277 miles,

92 3303 141 3365 sed
155 3301 329 3384 praemissi
347 3299 494 3364 eMoesie
511 3299 638 3362 eundem
656 3299 888 3362 obsliuuliouem
906 3298 1100 3363 aduentantis
1118 3300 1266 3364 euentus

92 3407 220 3490 immam
238 3406 420 3488 Aquileiam
443 3406 598 3487 inpressas
619 3403 815 3489 nuntiabunt,
837 3409 873 3468 ut
894 3425 981 3468 aeuo
999 3405 1113 3468 dubitet
1128 3407 1266 3487 potuisse

90 3514 234 3578 resecari
256 3513 367 3578 bellum
390 3517 493 3594 aliua,
518 3511 655 3595 lapidee,
677 3511 827 3574 incertum
849 3511 936 3574 uictis
959 3514 988 3574 et
1008 3511 1180 3578 victoribus.

179 3619 328 3684 Similem
346 3618 436 3684 verbi
455 3617 540 3682 finiti
560 3617 770 3682 omissionem
789 3623 917 3682 exstare
936 3617 1048 3681 dicunt
1065 3616 1100 3681 in
1118 3617 1264 3684 eiusdem

90 3727 164 3792 libri
190 3726 297 3811 capite
315 3725 368 3810 44,
386 3725 424 3790 19
440 3747 474 3809 s,
495 3723 551 3788 ubi
574 3723 713 3808 legitur:
736 3728 765 3787 ei
784 3723 977 3805 peccatibus
999 3725 1106 3788 additu
1130 3723 1265 3789 ludibrio

90 3840 121 3898 ut
140 3835 287 3914 ferorum
311 3832 403 3914 lepis
424 3832 547 3896 conecti
570 3831 693 3896 leuiolu
716 3851 829 3896 cauum
858 3831 1020 3896 interirent
1045 3835 1102 3894 eut
1127 3831 1265 3896 morbus

89 3942 184 4024 effici
205 3943 264 4003 orel
284 3939 471 4019 flamuiuudi
494 3943 583 4019 atque
605 3938 658 4002 uti
680 3937 832 4018 defecisset
854 3939 927 4022 dies,
950 3938 985 4002 iu
1007 3958 1099 4002 uuum
1121 3939 1264 4002 nocturni

89 4048 219 4112 luminis
242 4050 421 4110 armentur..
450 4042 643 4129 Defensores
669 4043 788 4108 codicis
815 4044 985 4109 verborum
1010 4064 1122 4108 vocem
1151 4043 1263 4107 flam-

88 4154 222 4219 mandi
264 4151 449 4235 significare
489 4151 615 4215 volunt·
644 4150 828 4215 flammae
864 4149 1059 4215 destinati
1090 4147 1264 4235 (Walther,

88 4260 193 4345 Rach,
223 4253 491 4342 Orelli-Baiter),
521 4257 701 4341 particulas
733 4263 848 4343 atque
878 4257 1027 4322 tribuunt
1057 4256 1122 4320 vim
1149 4277 1262 4340 epexe-

87 4369 232 4452 geticam
273 4361 353 4450 (und
391 4361 503 4450 awar);
548 4368 624 4448 post
664 4362 893 4429 flammandi
938 4361 1092 4446 supplent
1141 4362 1262 4426 inter-

86 4475 207 4539 irent.
284 4495 287 4503 ¹

1012 4571 1047 4626 7*
