3152 5222
767 486 964 548 ,2-

369 648 446 714 Iam.
463 653 638 731 antequam
660 644 877 712 Wetaelliana
906 646 1095 712 dissertatio
1123 646 1158 710 in
1180 646 1292 712 lucem
1319 645 1451 731 prodiit,

279 777 383 842 pauca
411 755 450 819 de
478 753 631 838 ellipseos
658 752 750 818 verbi
777 752 976 818 substantivi
1002 773 1064 818 csse
1092 753 1209 817 finibus
1239 752 1326 817 haud
1352 749 1453 817 inuti-

279 862 356 927 liter
388 859 574 925 observavit
606 857 744 925 Storch
775 858 1026 942 (Bemrtanpen
1066 877 1135 924 cur.
1160 857 1360 923 Grcmcratilc
1399 859 1452 924 des

282 968 415 1051 Tacitus,
434 965 548 1031 Mcmcl
561 966 687 1048 186810.
701 965 854 1041 13-16).
892 965 955 1032 Sed
979 965 1133 1050 quoniam
1156 963 1296 1048 singulis
1321 967 1450 1030 tantum

280 1061 437 1158 eiemplis
469 1071 663 1136 examinatis
686 1073 775 1158 leges
806 1093 881 1136 suas
912 1071 1096 1156 constituit,
1125 1074 1377 1136 consentaneum
1401 1075 1453 1136 est

278 1178 434 1245 iudicium
464 1182 588 1243 certum
625 1178 874 1262 absolutumque
904 1177 946 1243 iis
982 1177 1045 1242 niti
1080 1198 1146 1241 non
1180 1197 1286 1262 posse.
1309 1213 1353 1225 -
1376 1176 1449 1242 Ro-

280 1285 416 1351 bertus
448 1283 623 1351 Schmidt
654 1285 686 1348 in
717 1289 959 1369 programmate
989 1282 1248 1367 Dramburgensi
1279 1285 1328 1362 (dc
1350 1284 1452 1366 ellipsc'

282 1392 428 1457 Tacitinc
446 1393 546 1469 1871)
569 1391 608 1456 de
632 1391 783 1456 omnibus
806 1389 874 1455 fere
898 1391 1050 1476 ellipseos
1074 1388 1248 1474 generibus
1276 1390 1452 1474 quaesivit:

280 1497 319 1563 de
344 1497 466 1582 ellipsi,
489 1519 572 1581 quae
591 1497 631 1562 ad
656 1496 879 1582 praedicatum
898 1497 1061 1562 obiectum
1081 1495 1276 1560 attributum
1299 1495 1452 1582 pertinet,

280 1605 319 1670 de
343 1603 569 1669 coniunctione
597 1625 672 1668 nam
699 1602 843 1689 elliptice
870 1603 1031 1688 adhibita,
1058 1602 1097 1668 de
1126 1601 1307 1687 asyndetis,
1334 1602 1373 1667 de
1400 1603 1449 1667 in·

279 1709 556 1796 terrogationibus
584 1709 750 1775 indirectis
779 1713 812 1773 et
844 1709 1021 1774 enuntiatis
1049 1707 1279 1792 comparativis
1307 1707 1452 1794 elliptice

279 1816 505 1900 conformatis,
535 1817 590 1880 rel.
645 1814 767 1880 Parvus
798 1815 868 1900 ipse
899 1815 1093 1901 paginarum
1129 1836 1295 1899 numerus,
1332 1815 1451 1899 quibus

280 1921 453 1989 Schmidt
475 1925 581 1986 totam
608 1943 676 1987 rem
704 1921 883 1987 absolvisse
907 1921 969 1986 sibi
992 1920 1133 2006 videtur,
1156 1943 1316 1985 summam
1344 1922 1451 2008 suspi-

279 2030 402 2094 cionem
416 2049 545 2093 movere
556 2027 652 2092 debet
662 2028 822 2113 omnibus,
836 2028 892 2113 qui
902 2027 1084 2113 accuratius
1095 2026 1288 2092 inTaoiteae
1298 2027 1453 2113 ellipseos

279 2158 339 2200 usu
358 2134 577 2220 pernoscendo
598 2133 716 2198 versati
734 2135 980 2220 intellexerunt,
1003 2138 1124 2220 quanta
1142 2133 1187 2198 sit
1205 2133 1299 2218 copia
1315 2155 1382 2198 non
1401 2155 1453 2200 so·

280 2242 347 2306 lum
379 2241 533 2326 ellipseos
566 2261 735 2326 generum,
767 2242 823 2306 sed
856 2242 956 2306 etiam
989 2241 1209 2324 exemplorum
1241 2240 1452 2326 locorumque

280 2343 405 2432 eordm,
428 2347 467 2412 de
491 2346 608 2430 quibus
632 2351 726 2412 certo'
743 2348 863 2413 iudicio
887 2348 963 2413 huic
985 2347 1037 2412 vel
1059 2346 1109 2410 illi
1128 2345 1225 2410 classi
1245 2347 1452 2433 assignandis

280 2455 342 2519 viri
366 2454 454 2519 docti
477 2452 571 2518 valde
595 2452 798 2518 dissentiant.
836 2453 882 2518 Et
905 2457 955 2518 est
973 2453 1032 2517 illa
1051 2452 1238 2517 dissertatio
1262 2457 1299 2517 ut
1317 2476 1337 2518 a
1354 2455 1453 2520 laude

280 2559 488 2644 perfectionis
513 2559 620 2623 aliena
643 2559 690 2623 ita
716 2581 782 2624 non
810 2558 1052 2624 accommodata
1079 2559 1120 2623 ad
1147 2557 1325 2624 utilitatem
1356 2561 1452 2626 nobis

280 2665 470 2750 parandam,
494 2665 571 2749 quia
594 2668 708 2729 auctor
730 2665 882 2730 licentius
906 2666 1001 2730 modo
1020 2665 1093 2749 ipsa
1110 2663 1217 2730 Taciti
1235 2666 1335 2731 verba
1353 2668 1451 2733 modo

217 2827 220 2832 .
280 2792 432 2836 numeros
456 2770 544 2835 solos
569 2770 750 2855 adscripsit.
796 2771 933 2838 Accedit
955 2772 1040 2857 quod
1063 2793 1116 2836 ars
1144 2771 1258 2836 critica
1284 2772 1319 2836 in
1342 2772 1452 2838 dubiis

280 2877 359 2943 locis
396 2880 482 2941 recte
514 2876 765 2962 interpretandis
803 2899 934 2963 perraro
969 2877 1149 2943 adhibetur.
1206 2877 1289 2954 Quid
1323 2878 1451 2944 multa?

279 2982 456 3048 Schmidt
476 2982 586 3068 paucis
602 2983 759 3069 exemplis
778 2983 957 3049 illustravit
970 3005 1088 3070 genera
1105 2983 1165 3048 illa
1182 2984 1336 3068 ellipseos
1355 2985 1452 3051 nobis

278 3089 480 3174 tractandae,
507 3111 590 3173 quae
618 3090 655 3154 fit
683 3089 718 3153 in
742 3090 942 3175 praedicato,
965 3113 1046 3174 quae
1074 3091 1140 3154 iam
1164 3091 1388 3176 Nipperdey
1415 3092 1452 3158 in

279 3195 546 3262 adnotationibus
571 3195 609 3260 ad
630 3195 715 3261 Ann.
733 3195 750 3260 I
770 3198 803 3280 73
826 3196 860 3281 93
883 3195 961 3261 XIV
981 3196 1000 3260 6
1020 3200 1053 3261 et
1071 3195 1254 3262 Wolfflin
1277 3197 1312 3261 in
1334 3196 1452 3263 Philol.

279 3304 342 3368 vol.
360 3301 471 3367 XXVI
489 3325 519 3386 p.
538 3303 600 3366 144
620 3307 653 3367 et
673 3302 843 3386 Draeger
866 3301 901 3366 in
918 3301 995 3366 libri
1018 3324 1100 3386 quae
1124 3302 1311 3368 inscribitur
1329 3303 1453 3387 syntax

237 3471 240 3476 .
277 3411 344 3474 und
361 3407 422 3474 Stil
451 3409 502 3473 cles
526 3409 651 3473 Tacitus
682 3408 888 3494 paragrapho
913 3409 954 3474 37
981 3409 1199 3474 distinxerunt
1228 3410 1452 3495 exemplisque

276 3516 533 3581 illustraverunt.
581 3514 794 3580 Gantrellii
812 3514 943 3579 libellus
961 3516 1175 3599 „prcmraar're
1196 3519 1226 3578 et
1241 3515 1316 3596 style
1333 3517 1369 3579 de
1389 3517 1452 3581 Ya-

277 3621 355 3688 crc‘
377 3622 443 3686 iere
467 3621 550 3687 nihil
573 3621 650 3687 novi
673 3621 828 3688 continet.

367 3770 505 3857 Singula
520 3771 560 3837 ad
575 3771 741 3838 Taciteum
758 3772 911 3856 ellipseos
931 3772 1151 3856 similiumque
1169 3751 1451 3856 breviloquentiae

278 3900 434 3964 generum
457 3901 551 3943 usum
575 3877 901 3964 circumscribendum
925 3879 1147 3943 contulerunt:

278 4029 315 4096 0.
336 4029 565 4115 Klintberg,
588 4029 627 4094 de
649 4029 762 4094 formis
785 4028 1055 4095 condicionalium
1079 4027 1236 4093 enuntiat.
1255 4027 1342 4114 Tae,
1370 4028 1452 4095 Hol-

437 4135 644 4220 miae18773
673 4157 736 4220 quo
759 4136 793 4200 in
817 4135 929 4200 libello
953 4135 1127 4201 deformis
1156 4134 1308 4220 ellipticis
1337 4136 1452 4220 agitur

437 4264 468 4326 p.
486 4243 529 4308 43
552 4238 627 4328 seq.‘

277 4365 602 4452 M.Morgenroth,
620 4367 659 4431 de
674 4365 908 4432 sententiarum
924 4364 1193 4431 condicionalium
1204 4362 1289 4447 apud
1299 4363 1451 4462 Taciturn

436 4470 632 4538 formatione
653 4471 787 4558 Leipzig
813 4473 910 4558 1868,
933 4496 962 4556 p.
986 4473 1015 4536 9.
