3158 5226
15 2983 17 3082 l

569 443 812 513 -139-

118 611 237 677 verbum
260 610 521 676 servabantur
543 609 702 693 quadrare
725 608 766 673 ad
790 608 972 674 excubias
997 615 1030 674 et
1051 610 1277 694 imperfectum

115 717 305 783 inmembro
328 717 437 803 priore
458 717 591 781 ret-olim
613 716 695 780 benc
717 714 797 781 ferri
819 737 926 800 posse.
971 715 1061 802 Opus
1085 717 1187 803 igitur
1209 740 1276 782 non

116 830 159 890 est
181 822 354 909 Nipperdei
378 827 412 889 et
435 823 617 889 Andreseni
646 823 875 908 explicatione,
906 845 971 909 qua
999 830 1076 908 post
1106 824 1197 890 olim
1225 825 1274 889 in·

115 932 258 1018 lellegere
280 931 432 996 iubemur
454 930 608 995 fuerant
631 930 684 995 vel
707 934 821 996 actae
851 933 964 995 erant
993 953 1032 995 ex
1065 931 1275 997 servaban-

115 1045 181 1104 tur.
202 1073 244 1086 -
274 1037 388 1123 saum,
417 1038 448 1104 J.
461 1037 576 1103 saure.
594 1037 655 1103 109
669 1061 699 1122 p.
713 1036 793 1121 413,
822 1035 987 1122 Madvigio
1020 1036 1100 1103 ena
1132 1035 1187 1124 (ef.
1204 1037 1288 1120 aa„

29 1161 30 1170 ¹
114 1145 177 1210 crit.
191 1144 266 1230 Hp.
282 1141 484 1230 554÷555)
518 1143 665 1209 restituit
696 1141 914 1227 pulcherrime
945 1144 1053 1209 locum
1086 1149 1276 1230 corruptum

113 1254 189 1317 Anu.
203 1251 282 1317 XIV
298 1252 351 1336 54,
368 1241 520 1317 12-13:
542 1256 679 1334 superest
699 1251 755 1316 aet·
771 1251 867 1315 robur
883 1256 913 1316 et
929 1255 973 1314 tot
982 1272 1042 1333 per
1059 1271 1159 1316 uanos
1175 1253 1277 1316 men

112 1361 236 1424 summi
261 1359 384 1446 faelepe'e'
412 1347 562 1442 repe'raem
597 1357 730 1442 supplet
764 1377 802 1422 ex
833 1362 1022 1442 superest
1051 1380 1109 1443 per
1138 1379 1277 1443 zeugma

110 1467 238 1532 uerbum
261 1465 372 1531 adest
394 1469 469 1552 post
491 1465 677 1550 regimen.
714 1463 777 1530 Sed
800 1485 908 1530 noune
930 1465 1069 1530 fortasse
1088 1465 1205 1530 melius
1227 1487 1276 1530 re-

109 1575 206 1638 fertur
224 1562 316 1638 ad'id
335 1571 462 1638 dicendi
481 1592 594 1657 genus,
616 1570 739 1656 dequo
758 1570 901 1636 breviter
924 1572 1079 1638 disseruit
1097 1571 1276 1657 Andresen,
1371 1623 1373 1626 -
1485 1661 1489 1670 Ι

108 1679 287 1746 Jahresber.
310 1680 394 1745 1877
416 1703 447 1764 p.
470 1679 511 1744 76
532 1701 605 1743 ann.
625 1678 659 1763 3,
696 1700 760 1764 quo
797 1677 962 1744 interdum
1001 1702 1052 1765 ea,
1089 1701 1173 1764 quae
1215 1701 1275 1745 nos

107 1788 208 1853 Iorma
231 1785 411 1852 subiectira
438 1784 662 1870 exprimimus,
691 1784 803 1852 Latini
833 1785 992 1851 obiective
1028 1786 1276 1872 exprimebant?

108 1895 141 1960 cl
156 1892 197 1958 H.
211 1893 229 1957 Ι
243 1893 300 1977 89,
317 1894 372 1957 ll:
398 1897 427 1957 et
448 1889 583 1957 caeciae
608 1893 674 1956 iam
696 1892 793 1976 Apes
820 1897 1029 1976 campremus
1059 1893 1275 1969 cellmulubat;

106 1999 326 2086 An.1v3,1:
348 2004 649 2081 aeramepotes
678 2000 779 2064 adulti
807 2019 929 2065 moram
951 2001 1062 2084 cupitis
1083 2001 1276 2081 adferebant:

105 2108 154 2172 his
186 2108 267 2172 locis
304 2128 424 2172 nomen
456 2106 594 2171 subiecti
627 2127 699 2171 cum
736 2106 909 2192 participio
939 2107 1103 2173 coniuncti
1136 2108 1277 2174 vertitur

105 2214 292 2281 Germanice
315 2215 369 2278 der
392 2213 537 2279 Gedaalue
565 2233 626 2292 aa‚·
657 2213 811 2279 similiter
833 2213 873 2278 H.
887 2213 921 2279 Π
938 2214 994 2299 76,
1008 2215 1065 2280 2οε
1094 2236 1137 2279 aa
1166 2215 1278 2279 eccidit

17 2363 18 2422 ,
104 2323 273 2387 trucidatae
295 2318 448 2387 Corbulo?
470 2351 504 2373 =
528 2321 577 2385 die
598 2321 802 2403 Briancranp
828 2340 887 2386 aa:
915 2342 954 2385 ex
980 2321 1079 2386 huius
1107 2322 1170 2386 loci
1200 2342 1276 2387 ana·

103 2429 191 2515 logia
222 2428 378 2514 explices,
411 2448 546 2514 quaeso,
577 2427 686 2493 locum
717 2431 866 2492 nostrum
899 2424 951 2512 (cl.
971 2428 1071 2493 etiam
1095 2427 1146 2494 Fr.
1166 2428 1275 2513 Helm,

101 2541 213 2619 quaest.
232 2540 312 2620 synt.
330 2559 360 2620 p.
375 2535 418 2599 48
439 2531 528 2620 seq.).
574 2532 699 2599 Halmii
728 2535 814 2599 enim
842 2555 979 2619 zeugma
1007 2534 1172 2621 displicet,
1199 2536 1276 2621 quia

101 2643 236 2708 verbum
260 2647 439 2728 superest
461 2646 556 2708 tanta
578 2642 611 2705 vi
633 2641 729 2706 initio
748 2641 851 2706 totius
875 2642 1001 2726 periodi
1022 2642 1132 2728 posita
1155 2646 1215 2728 est,
1238 2647 1276 2708 ut
1307 2662 1309 2666 ’

99 2751 200 2815 robur
224 2751 292 2814 eius
321 2772 387 2814 non
415 2751 480 2815 iam
509 2751 585 2813 ante
616 2752 654 2814 et
685 2747 926 2834 relanguescat,
959 2750 1016 2814 sed
1048 2750 1149 2814 latius
1182 2750 1276 2834 quasi

99 2861 211 2922 totum
235 2855 487 2941 comprehendat
510 2855 724 2930 enuntiatum.

189 2965 220 3028 3.
243 2963 297 3028 ΕΣ
320 2962 437 3028 verbo
459 2962 592 3048 posito
611 2966 818 3047 cognatum
837 2963 990 3028 omnino
1010 2963 1167 3028 verbum
1186 2987 1275 3050 sup-

15 3111 16 3174 ,
95 3072 240 3155 pletur.

188 3177 270 3262 Agr.
285 3178 315 3260 3,
329 3177 441 3241 4-6:
470 3197 524 3242 aec
551 3196 635 3258 epau
664 3177 753 3241 modo
782 3198 819 3242 ac
846 3183 950 3242 votam
971 3179 1119 3244 &curiles
1139 3179 1276 3263 publice,

92 3286 152 3350 sed
172 3286 272 3369 pstea
293 3285 355 3348 uoti
377 3284 523 3366 fiduciam
546 3303 583 3348 ac
604 3283 697 3348 robur
718 3284 939 3367 adsumpseril;
966 3317 1001 3328 -
1030 3286 1084 3370 12,
1105 3285 1148 3350 23
1163 3306 1202 3350 s.:
1225 3306 1276 3368 epo

90 3393 226 3472 facilius
248 3392 429 3456 amidam
450 3395 600 3455 acturam
622 3391 804 3474 marquart
826 3393 924 3456 deesse
945 3411 1039 3474 qaam
1061 3393 1148 3457 nobr's
1170 3394 1275 3457 arari-

91 3502 178 3564 tiam
208 3496 264 3586 (sc.
288 3494 460 3583 abesse):
489 3496 528 3562 cf.
552 3497 658 3583 Kritz,
682 3496 782 3582 Wex,
809 3497 989 3563 Andresen.
1012 3533 1054 3546 —
1079 3495 1274 3584 H.1v5,9

89 3628 180 3690 seq.:
205 3608 260 3688 qai
280 3605 346 3670 sola
369 3605 449 3670 bana
470 3624 548 3686 qaae
569 3604 707 3689 honesta,
729 3605 816 3669 mla
839 3609 960 3669 walam
982 3625 1061 3687 qaae
1084 3607 1202 3688 Impia,
1220 3625 1275 3687 pe

89 3713 231 3776 tentem
261 3713 449 3777 nobilitatem
479 3716 632 3794 ceteraque
658 3717 746 3777 extra
774 3713 916 3776 aninum
944 3733 1038 3795 nepae
1067 3713 1153 3778 noeis
1181 3733 1276 3794 aeque

87 3819 193 3885 malls
223 3821 432 3884 ademeram
459 3818 499 3882 ad
530 3818 640 3904 priora
669 3819 816 3885 membra
850 3820 1021 3904 suppletur
1049 3822 1205 3905 putant3
1233 3855 1276 3865 -

86 3926 158 3991 Am
175 3925 230 3992 III
248 3926 302 4011 12,
317 3926 337 3991 6
352 3947 432 4011 seq.:
471 3947 547 3990 uam
583 3928 612 3991 st
646 3927 760 4010 lepatuc
789 3927 886 4008 oflicii
913 3928 1071 4011 amenus,
1103 3927 1276 4010 obsequelam

84 4055 170 4116 crya
210 4035 424 4116 imperatorem
459 4034 561 4098 exalt:
598 4033 639 4097 ad
675 4032 866 4098 terminos
904 4035 1042 4119 quadrat
1078 4034 1149 4098 sola
1184 4032 1275 4098 notio

84 4139 355 4226 neglegendi,
380 4175 419 4186 -—
444 4137 561 4224 VI24,
577 4139 631 4204 13:
662 4159 750 4222 quem
770 4141 814 4204 ad
834 4142 959 4206 modum
980 4162 1096 4206 aarum
1118 4141 1277 4224 filiamque

81 4249 212 4326 fratres
235 4253 264 4312 el
290 4251 410 4330 aepoas
432 4243 608 4333 (necasset)
632 4249 813 4329 maeque
835 4267 954 4313 emnem
983 4248 1122 4313 eaedem
1151 4247 1276 4330 emple-
1406 4335 1417 4344 .

82 4356 206 4432 erese&
229 4389 262 4400 -
288 4353 352 4421 XII
370 4355 422 4440 22,
436 4354 470 4419 9:
495 4355 616 4420 addidet
630 4355 809 4437 perneciosc
831 4355 867 4418 ia
888 4375 953 4418 rem
969 4356 1128 4438 paelicum
1146 4354 1277 4420 coasilia

82 4458 333 4548 (prohibenda)
357 4467 386 4526 et
406 4463 564 4527 materiem
586 4460 690 4525 scelere?
712 4461 931 4528 mumadam
955 4483 980 4526 c.
996 4485 1026 4550 q.
1038 4485 1063 4528 s.
