3152 5222
25 25 27 52 t

25 403 26 424 i

103 623 266 688 Acerroniae
279 644 390 708 necem,
411 624 507 688 amal
523 644 615 690 mum
632 624 746 688 valum
762 624 923 707 waiam,
944 625 1044 688 εοὶιιηι
1061 626 1250 690 insidiarum

103 731 245 794 reoedium
269 751 341 813 esse,
362 738 391 795 si
411 751 475 795 non
496 731 733 813 intelteymetam
754 732 897 812 misitque
921 731 1061 796 litatem
1075 732 1250 814 Agermum

103 839 127 900 et
138 860 162 920 q.
174 859 197 901 s.
231 835 468 902 Offendendnm
486 844 538 902 est
559 837 595 900 in
614 859 663 921 eo,
684 837 771 921 quod
794 837 829 902 in
847 837 955 921 priore
973 838 1099 922 periodi
1117 844 1250 904 nosuae

101 947 176 1026 parte
207 943 340 1008 verbum
376 944 484 1028 abest,
523 943 609 1027 quod
642 943 828 1008 desiderant
863 949 897 1008 et
926 944 1101 1030 participia
1136 967 1249 1029 repu-

101 1053 171 1112 tans
199 1050 416 1122 observans
446 1049 644 1134 aspiciens
676 1054 709 1114 et
739 1050 846 1114 oratio
876 1051 1010 1136 obliqua
1039 1052 1250 1116 solum-in·

101 1154 348 1239 tellegeretur
371 1161 404 1221 et
433 1156 484 1240 id,
511 1156 599 1240 quod
626 1156 731 1220 altera
757 1157 861 1221 totins
889 1157 1016 1242 periodi
1043 1181 1120 1243 pars
1148 1159 1250 1242 parti-

100 1261 157 1324 cula
181 1284 251 1346 que
279 1260 462 1348 (misitque)
491 1262 683 1328 adnectitur.
728 1262 904 1329 Rhenanus
932 1265 998 1329 iam
1026 1264 1149 1328 delevit
1175 1286 1249 1348 que

100 1371 124 1430 et
142 1367 233 1432 verba
253 1369 599 1451 soleam-artellcyeretar
621 1391 778 1454 suspensa
800 1393 872 1436 esse
893 1371 1000 1436 voluit
1022 1392 1062 1434 ex
1075 1370 1249 1454 participio

98 1479 283 1560 reputans3
318 1475 376 1540 sed
413 1476 549 1540 obstant
586 1477 783 1561 interposita
820 1477 996 1562 participia
1031 1477 1249 1542 observans

98 1581 291 1667 aspiciens,
323 1587 362 1646 ut
390 1586 477 1647 recte
511 1583 579 1647 iam
609 1584 737 1648 monuit
766 1583 933 1669 Walther3
963 1607 1047 1668 qnae
1077 1583 1106 1647 si
1135 1606 1250 1668 paren-

97 1687 197 1753 thetica
224 1689 336 1773 posita
358 1712 429 1754 esse
451 1689 677 1775 intellegeres,
705 1691 982 1756 constructionem
1012 1689 1174 1754 duriorem
1202 1689 1250 1754 fa-

96 1815 176 1860 ceres.
209 1795 239 1860 E
259 1797 422 1860 contrario
440 1797 679 1861 concedendum
698 1802 750 1862 cst
767 1802 896 1863 retenta
908 1797 1048 1862 lectione
1066 1797 1249 1881 misitque

96 1900 289 1967 omissionem
319 1903 412 1968 verbi
443 1903 530 1968 finiti
561 1904 603 1968 ad
634 1903 859 1968 antecedentia
888 1904 1084 1990 pertinentis
1115 1909 1250 1988 propter

95 2007 253 2095 participia
275 2009 336 2074 illa
357 2009 531 2074 coniuncta
552 2010 685 2074 omnino
707 2009 787 2075 ferri
808 2033 875 2076 non
897 2032 1005 2096 posse,
1029 2032 1134 2096 neque
1156 2011 1248 2095 quid-

96 2137 175 2197 quam
202 2115 346 2202 profecit
367 2114 571 2201 Nipperdey,
600 2137 674 2180 cum
705 2117 836 2183 doceret
859 2117 994 2182 verbum
1018 2117 1148 2181 finitum
1178 2139 1249 2181 esse

94 2221 231 2287 omissum
252 2222 297 2287 ob
315 2245 479 2287 summum
497 2223 656 2287 orationis
674 2223 822 2310 vigorem
840 2228 874 2290 et
892 2224 970 2309 quia
988 2225 1028 2288 de
1045 2223 1249 2309 Agrippinae

94 2328 344 2415 cogitationibus,
366 2334 405 2394 nt
425 2330 475 2394 ita
496 2329 612 2414 dicam,
634 2331 690 2416 agi
712 2331 923 2396 manifestum
941 2335 1038 2396 esset
1082 2329 1248 2395 Orationis

93 2437 147 2499 tam
172 2437 333 2522 abruptae
359 2436 487 2501 nullum
514 2436 679 2501 invenitur
700 2437 884 2523 exemplum
912 2437 998 2522 apud
1021 2436 1171 2501 Tacitum
1195 2432 1249 2519 (de

93 2543 233 2627 exemplis
264 2565 349 2626 quae
377 2543 412 2607 in
441 2543 599 2608 auxilium
629 2543 760 2608 vocavit
787 2542 975 2629 Nipperdey
1005 2543 1085 2608 xlv
1100 2543 1134 2626 i,
1147 2543 1182 2627 33
1204 2579 1248 2588 —

92 2648 354 2734 8,18cf.p.63a
373 2652 408 2712 et
430 2647 501 2735 72);
522 2672 599 2714 nam
624 2650 717 2736 vigor
735 2651 805 2736 ille,
827 2673 893 2735 quo
915 2650 984 2715 tale
1006 2649 1085 2734 quid
1106 2648 1249 2714 fortasse

92 2757 223 2820 excusari
235 2757 371 2841 poterit,
387 2755 486 2841 plane
502 2756 607 2842 abest,
625 2779 697 2821 cnm
707 2756 892 2843 Agrippina
910 2757 1113 2822 considerate
1127 2756 1249 2842 cogita-

553 465 773 530 -73-

25 789 27 834 t

91 2864 172 2944 teque
188 2863 422 2948 reputavisset,
439 2885 522 2947 quae
540 2863 604 2928 esni
622 2869 731 2929 essent
743 2863 901 2930 facienda
936 2863 1051 2948 Imque
1064 2885 1124 2928 nec
1141 2862 1250 2927 deleta

90 2969 238 3050 particula
268 2991 342 3054 qne
372 2991 433 3034 nec
463 2969 663 3054 cogitatione
694 2971 882 3056 suppletum
914 2971 1050 3035 verbum
1082 2969 1249 3054 cogitandi

90 3072 306 3142 difficultatem
338 3076 505 3141 tollit-
530 3076 601 3140 Alii
626 3077 761 3141 verbum
790 3078 953 3162 quoddam
978 3077 1013 3141 in
1041 3079 1170 3142 textum
1199 3099 1247 3142 re-

89 3181 264 3264 cipiendum
295 3205 369 3247 esse
401 3183 585 3263 voluerunt:
615 3184 873 3270 Bezzenberger,
904 3207 1002 3269 quem
1037 3183 1141 3248 secuti
1173 3187 1250 3248 sunt

89 3286 329 3370 Orelli-Baiter,
345 3289 456 3375 Halm,
473 3289 581 3354 verbis
600 3313 687 3355 esse
711 3290 744 3354 si
763 3291 960 3376 interposuit
978 3290 1118 3374 sensit,
1141 3289 1250 3354 Ritter

88 3391 193 3483 (1864)
222 3396 351 3460 addidit
378 3396 479 3460 vidit
510 3400 587 3461 ante
615 3397 820 3483 misitque3
847 3403 1001 3462 neutrum
1030 3397 1112 3462 mihi
1140 3397 1250 3482 placet

88 3501 130 3564 vel
162 3525 266 3588 aeque
307 3503 390 3567 mihi
424 3503 534 3588 placet
567 3525 604 3568 ac
646 3503 817 3568 lenissima
853 3505 1053 3585 emendatio,
1092 3526 1176 3588 quae
1214 3503 1248 3567 in

87 3613 221 3675 nentem
243 3609 326 3674 mihi
343 3609 444 3694 venit,
465 3632 531 3694 qna
552 3613 748 3694 transponas
766 3611 866 3676 velim
879 3611 1055 3696 illudque
1077 3611 1249 3694 (aarum)

86 3719 151 3797 post
173 3716 312 3781 solnm.
348 3713 488 3780 Collatia
501 3716 583 3781 locis
602 3721 640 3781 ut
656 3716 699 3782 H.
713 3717 764 3782 III
780 3719 810 3802 l,
824 3718 858 3801 ῖς
876 3755 920 3810 3-
938 3719 992 3802 66,
1005 3717 1063 3800 415
1083 3719 1250 3784 amoueo

86 3842 116 3884 oc
134 3825 261 3888 dam
281 3827 465 3887 amanto
485 3828 515 3886 et
530 3825 623 3907 fidem
640 3825 675 3888 in
694 3825 821 3890 loidine
837 3826 960 3890 oratoris
976 3846 1073 3891 nemo
1091 3825 1126 3888 in
1143 3824 1249 3888 forma

86 3930 237 3996 orationis
268 3929 427 4012 offendet3
456 3933 625 4015 praeterea
661 3954 700 3996 ex
739 3932 839 3997 verbo
874 3934 1008 4016 asem
1043 3929 1137 3996 notio
1172 3951 1246 3996 cou-

86 4035 243 4100 siderandi
258 4037 345 4101 sumi
364 4059 462 4120 posse
475 4037 716 4103 demonstratur
736 4039 817 4104 locis
832 4038 930 4106 ΗΠ
939 4041 970 4124 8,
981 4039 1092 4104 8-9:
1107 4037 1250 4102 diuinos

85 4164 192 4226 quoque
219 4163 257 4207 ac
281 4165 435 4208 &monce
459 4146 599 4209 omnium
622 4148 875 4229 aramentum
899 4151 934 4212 et
958 4144 1105 4212 delV
1117 4144 1170 4228 33,
1181 4143 1249 4224 ipio:

85 4250 295 4334 commmoda
317 4251 525 4333 msreqremtia
545 4254 657 4318 metite
682 4256 818 4336 sataque
846 4255 970 4337 moysis
995 4252 1183 4318 immeritis
1210 4256 1249 4316 te

85 4360 250 4422 ommam
281 4357 389 4422 Pare
423 4360 584 4424 wedam
614 4356 669 4445 (ct
681 4359 781 4446 Nipp.
795 4361 836 4425 nd
849 4361 883 4426 h.
896 4358 942 4446 i)
993 4359 1100 4446 Leges
1132 4358 1250 4446 igitur:

85 4461 150 4529 Illic
171 4466 627 4554 repedans...otsenmrs...,
648 4469 744 4534 sioad
768 4489 862 4534 amm
887 4468 1001 4534 aias
1025 4467 1179 4552 aspiciens
1203 4487 1248 4532 so
