3176 5220
787 431 1005 512 ..50-

309 594 414 660 audiri
446 594 554 679 possit
588 590 642 680 (cf.
666 615 765 677 supra
793 610 868 678 pag.
889 591 933 657 45
967 591 1122 658 iudicium
1154 594 1304 657 nostrum
1336 590 1377 654 de
1409 589 1477 654 loco

309 700 467 786 H.V22‚
498 705 532 765 et
560 699 644 765 infra
674 697 949 785 Capussa).
980 735 1024 746 -—
1054 698 1191 784 Η.184,
1208 700 1241 763 1:
1277 719 1328 763 uos
1357 697 1479 778 quidem

309 809 394 872 istud
399 828 461 890 pro
474 827 522 871 me
536 828 578 871 sc.
593 806 746 892 egistis.
781 805 902 871 Vivida
917 811 968 872 est
981 807 1095 871 oratic.
1114 843 1156 852 -
1168 805 1229 869 An.
1237 805 1316 871 XIV
1325 806 1356 890 6,
1374 801 1480 888 nfra:

310 918 522 978 destamentum
544 899 733 979 Acerroniae
755 914 874 992 requiri
896 914 1033 994 bonaque
1055 913 1212 994 obsiqndm'
1234 913 1331 977 iubet:
1354 912 1392 976 id
1415 915 1481 973 tan

310 1026 375 1086 tum
397 1041 459 1084 non
475 1041 534 1104 per
555 1021 792 1086 simulationem.

398 1127 451 1192 Ad
474 1127 692 1192 accusativum
715 1127 836 1191 obiecti
859 1126 983 1191 accedit
1005 1130 1039 1190 et
1060 1126 1152 1190 notio
1172 1126 1310 1191 modalis
1334 1129 1368 1190 et
1384 1123 1482 1188 dictio

308 1234 594 1320 praepositionalis
618 1233 828 1298 antecedente
852 1235 998 1298 oratione
1021 1233 1155 1318 obliqua
1176 1234 1239 1298 hoc
1266 1233 1351 1297 loco:
1376 1230 1420 1294 H.
1433 1229 1482 1294 111

312 1342 362 1428 13,
386 1342 420 1407 6:
452 1347 542 1422 utque
571 1342 677 1405 omniu
705 1342 742 1405 de
770 1340 891 1404 Vitellio
919 1341 954 1404 in
970 1333 1133 1416 ‘datarium
1164 1339 1317 1404 similiter
1346 1338 1483 1422 legitur:

309 1447 370 1512 An.
384 1448 467 1512 vla
482 1443 545 1532 (8),
570 1447 677 1530 rura:
708 1446 783 1511 inec
809 1448 955 1512 adrerum
985 1447 1156 1528 Toqonium
1183 1448 1283 1511 uubis
1310 1446 1484 1526 modernus,

283 1552 286 1556 ’
309 1574 404 1634 nsque
425 1559 461 1618 ui
540 1555 688 1618 suaderet.

397 1660 543 1726 Verbum
568 1659 725 1724 omissum
750 1663 878 1744 praeter
908 1660 1125 1724 accusativum
1153 1659 1272 1724 obiecti
1300 1657 1484 1723 accuratius

310 1767 514 1852 significatur
537 1770 570 1831 et
598 1767 739 1831 dictione
762 1766 1032 1851 praepositionali
1060 1771 1093 1830 et
1116 1787 1192 1830 casu
1216 1766 1349 1851 obliquo
1373 1764 1418 1829 H.
1438 1761 1483 1827 IV

311 1875 363 1958 75,
386 1873 451 1957 us:
473 1875 517 1938 ud
538 1895 573 1938 cu
597 1873 729 1938 Cerialis
753 1869 846 1937 Ciuili
863 1877 892 1937 ei
915 1869 1051 1937 Classico
1073 1873 1154 1937 nihii
1177 1895 1219 1938 sc.
1241 1874 1410 1955 respondit.

399 1979 564 2045 Audacius
587 1981 653 2044 iam
682 1979 751 2065 egit
773 1978 921 2064 Tacitus,
952 2000 1024 2043 cum
1053 1980 1140 2044 haud
1172 2002 1245 2043 raro
1276 1979 1375 2044 etiam
1409 1979 1484 2063 post

310 2088 417 2152 solum
441 2086 560 2153 obiecti
584 2085 803 2151 accusativum
826 2068 994 2151 omitteret

399 2190 431 2280 a)
460 2193 560 2258 verba
593 2193 719 2258 dicendi
749 2193 897 2257 oratione
928 2193 1060 2277 obliqua
1090 2197 1147 2257 aut
1179 2193 1390 2258 antecedente
1427 2193 1484 2255 aut

309 2304 479 2388 sequente:

398 2406 439 2471 H.
450 2405 542 2490 Vua,
560 2406 617 2470 12:
632 2405 704 2470 inec
716 2405 830 2488 uoiqus,
842 2425 982 2489 proceres
1000 2407 1173 2482 atrocium
1187 2443 1231 2453 -
1245 2406 1338 2472 Ani
1355 2407 1411 2492 65,
1431 2405 1483 2468 16:

309 2515 403 2580 simui
421 2513 493 2577 iaec
510 2517 540 2576 ei
560 2533 629 2577 cum
647 2510 765 2576 deiectis
783 2513 898 2577 scindit
914 2533 1039 2594 aqmem
1057 2549 1101 2558 —-
1118 2512 1181 2578 XV
1195 2512 1251 2598 br,
1278 2512 1388 2596 losio:
1412 2511 1483 2578 cod:

309 2642 379 2703 erqo
401 2619 570 2702 Epicharis
587 2619 685 2700 pluro
708 2625 737 2683 et
764 2619 871 2683 omnio
898 2619 1011 2683 scelera
1033 2621 1190 2705 principis
1218 2620 1358 2684 orditur:
1388 2637 1484 2697 neque

309 2725 431 2792 senatui
444 2726 538 2806 neque
549 2725 665 2807 populo
680 2727 850 2807 quidquam
863 2745 995 2791 monere.
1028 2724 1172 2811 Madvig,
1191 2726 1261 2790 adv.
1277 2709 1318 2791 cr.
1333 2725 1366 2790 ΙΙ
1375 2751 1409 2810 p.
1419 2725 1481 2790 557

310 2854 415 2919 neque
447 2831 516 2895 sine
548 2831 647 2897 verbo
681 2837 767 2898 recte
805 2831 869 2896 dici
897 2831 1066 2914 Epulum
1093 2834 1192 2914 primu
1221 2836 1355 2917 propter
1383 2832 1484 2897 verba

312 2939 483 3024 sequentia
505 2939 688 3024 rei-orditur,
711 2959 815 3022 neque
834 2938 1092 3021 comparativum
1106 2939 1212 3024 plura,
1231 2961 1295 3023 quo
1314 2939 1484 3019 referatur,

310 3046 445 3130 habere,
467 3066 572 3130 neque
594 3045 694 3108 ordiri
710 3046 865 3126 principis
887 3046 1000 3109 scciern
1018 3046 1061 3110 'de
1081 3045 1371 3110 commemorandis
1396 3049 1483 3110 recte

311 3151 389 3237 poni
407 3149 564 3215 iudicavit
581 3149 719 3234 ideoque
737 3150 880 3235 scripsit:
898 3151 1067 3235 B'qricirmis
1079 3152 1237 3234 deplorare
1251 3148 1483 3234 (enumerare2)

311 3258 418 3322 onznia
440 3259 473 3321 et
493 3278 522 3340 q.
541 3277 606 3340 seq.
637 3256 713 3320 Jam
738 3257 779 3321 ab
809 3256 956 3342 Halmio,
984 3257 1014 3324 J.
1029 3258 1058 3322 J.
1076 3258 1140 3322 109
1156 3281 1186 3342 p.
1200 3258 1267 3321 414
1290 3257 1372 3322 satis
1403 3259 1485 3322 haec

311 3363 454 3428 refutata
477 3366 563 3428 sunt.
608 3362 647 3428 cf.
661 3363 760 3427 etiam
783 3362 961 3449 Andresen,
984 3363 1168 3430 Jahresber.
1186 3364 1271 3429 1875
1285 3387 1317 3448 p.
1331 3364 1390 3428 39:

400 3467 435 3558 b)
458 3470 558 3536 verba
580 3469 716 3555 agendi:

402 3577 481 3661 Agr.
497 3577 527 3662 9,
551 3577 571 3641 8
595 3599 660 3661 seq.
683 3578 748 3641 inm
770 3598 839 3641 cero
869 3582 1004 3660 tempora
1033 3596 1180 3640 aurorum
1209 3578 1484 3657 remissionumque

312 3685 431 3760 dimam·
454 3684 509 3748 nbi
530 3689 693 3749 conuentus
715 3704 751 3748 nc
768 3685 885 3748 iudicia
901 3688 1068 3767 poscerent,
1087 3685 1194 3765 prucis
1211 3684 1347 3750 intentus
1364 3703 1483 3750 seuerus

312 3797 342 3857 ei
362 3790 485 3872 saepius
513 3789 700 3854 misericors:
727 3791 782 3854 uti
808 3791 910 3872 officio
937 3790 1144 3874 satisfactum,
1174 3791 1295 3855 nicilum
1321 3792 1408 3856 rdiru
1428 3811 1483 3875 po

314 3897 432 3962 testatis
448 3914 633 3978 pcrsmmm:
657 3896 816 3959 tristitiam
838 3901 868 3959 et
883 3897 1099 3978 nrroquniinm
1117 3901 1145 3959 et
1161 3898 1330 3961 auaritiam
1347 3901 1482 3964 eruunt.

404 4001 458 4066 Sic
489 3999 614 4064 codices
644 4000 674 4064 A
704 4003 738 4065 et
759 4000 787 4064 B
812 3998 986 4087 (Urlichs)3
1038 4000 1213 4066 Rhenanus
1246 4003 1312 4067 iam
1344 4003 1483 4070 correxit

313 4109 403 4175 nulia
420 4126 628 4189 ...perseum
651 4107 846 4172 recentiores
870 4129 943 4172 eum
973 4109 1076 4173 secuti
1106 4113 1198 4193 sunt,
1228 4110 1329 4174 donec
1350 4109 1481 4176 Urlichs

315 4215 535 4282 acutissimam
549 4213 722 4299 proposuit
735 4214 993 4280 emendationem
1007 4264 1032 4280 ..
1043 4266 1050 4280 .
1063 4214 1267 4300 satisfactum,
1285 4216 1367 4281 niiil
1380 4219 1464 4282 ultra
1472 4235 1482 4277 .·

314 4323 469 4405 potcstatis
488 4341 656 4404 personam
678 4326 810 4386 cauerat.
845 4320 1032 4406 Nipperdey
1053 4318 1180 4407 (Rhein.
1198 4321 1281 4388 Mus.
1299 4321 1424 4409 XVIII,
1446 4323 1482 4388 cf.

295 4421 424 4514 opusc.
437 4451 468 4512 p.
479 4428 545 4491 234
559 4424 639 4513 seq.)
663 4428 882 4513 argumentis,
906 4449 988 4512 quae
1010 4427 1169 4492 infirmari
1201 4432 1381 4514 nequeunt,
1407 4452 1481 4514 pro·
