3158 5226
785 481 1002 548 ..93-

303 645 418 711 nostris
439 645 541 711 maior
562 663 722 729 numerus,
744 647 789 708 set
809 642 951 708 iubeiiior
972 663 1077 709 mesns
1099 648 1156 722 est,
1179 664 1195 709 e
1218 643 1385 708 Gennonis
1406 643 1483 725 ipsa

303 751 423 816 robora.

393 856 471 922 Loei
495 856 585 922 dubii
608 861 697 922 sunt:

394 963 435 1029 H.
449 964 465 1028 I
479 964 536 1049 44,
552 963 638 1049 illo,
669 964 792 1049 legitur
822 963 906 1048 apud
939 963 1112 1049 plerosque
1141 963 1297 1029 editores:
1326 965 1477 1047 praefixa

304 1072 401 1136 sontis
422 1071 525 1154 capita
554 1070 751 1154 pestatantnr
781 1071 861 1134 inter
892 1070 983 1152 siprm
1014 1069 1182 1135 cohortium
1213 1071 1304 1135 iurata
1335 1071 1482 1153 aquilam

305 1178 439 1262 temonis,
462 1178 601 1242 certatim
619 1177 838 1242 osmmumos
860 1181 1001 1241 eruentis
1019 1197 1132 1242 monus
1150 1178 1204 1260 qui
1222 1178 1399 1256 meiderout,
1422 1178 1482 1260 qui

304 1284 522 1368 interfuerant,
550 1284 604 1366 qui
629 1305 696 1348 oere
722 1285 776 1366 qui
797 1283 879 1364 saiso
901 1288 937 1347 ut
958 1283 1125 1366 pumturum
1155 1289 1184 1348 et
1209 1284 1403 1349 memorabile
1428 1285 1483 1364 fa

304 1392 392 1455 cinus
429 1390 594 1456 meminent.
648 1390 679 1456 J.
706 1389 842 1475 Mdller,
878 1389 979 1455 Beitr.
1001 1391 1017 1456 I
1037 1413 1069 1475 p.
1090 1390 1134 1453 24
1152 1411 1218 1474 seq.
1245 1390 1483 1476 interpungere

305 1498 476 1563 voluitt...
491 1498 544 1579 qui
557 1499 742 1574 occiderant·
765 1497 819 1579 qui
841 1497 1054 1581 interfuerant,
1076 1497 1131 1578 qni
1152 1518 1219 1561 oere
1240 1499 1294 1580 qui
1314 1498 1396 1578 falso
1421 1493 1484 1580 (se.

305 1599 550 1690 interfuerant),
578 1609 614 1668 ut
637 1603 960 1687 putatorum-faemos
988 1603 1154 1679 iactabant.
1207 1601 1270 1668 Sed
1307 1603 1385 1690 quid
1414 1603 1484 1668 sibi

305 1710 390 1775 vult:
413 1712 467 1793 qui
487 1710 587 1790 falso
609 1707 838 1792 interfuerant?
861 1709 994 1775 minime
1017 1709 1103 1774 verti
1127 1712 1252 1794 potest:
1280 1710 1385 1776 melote
1411 1731 1483 1774 an-

302 1815 445 1900 pebtiet
467 1817 597 1900 beteiiiat
617 1838 730 1882 waren.
775 1815 958 1881 Retinenda
980 1821 1030 1882 est
1054 1816 1152 1880 solita
1174 1816 1403 1901 interpunctio.

394 1921 638 2006 H.111123,11:
662 1922 797 2007 Mdller,
818 1923 839 1988 l.
852 1923 933 1988 1.1v
947 1924 1005 2008 43,
1028 1923 1183 2008 explieat:
1210 1928 1317 1987 neutro
1344 1924 1484 1988 inelina-

304 2034 390 2094 oerot
431 2029 578 2113 tutuno,
618 2030 711 2094 donee
746 2031 856 2095 adulta
896 2034 980 2095 noete
1021 2029 1097 2092 luna
1137 2049 1266 2112 surpens
1315 2032 1487 2096 ostenderet

305 2138 386 2202 oeies
411 2136 604 2218 falleretque;
638 2137 691 2200 sed
712 2135 881 2202 Flauianis
909 2138 1036 2220 aequior
1067 2157 1088 2200 o
1110 2141 1191 2220 terpo
1228 2133 1285 2222 (se.
1309 2137 1485 2221 surgebat:

305 2245 400 2328 kem,
423 2239 559 2328 sehien).
604 2241 722 2307 Melius
746 2243 916 2329 suppletur
938 2247 1045 2308 erat.
1078 2242 1118 2308 ef.
1136 2243 1184 2307 ed.
1201 2242 1328 2309 Heraei.
1351 2278 1392 2288 —
1417 2243 1485 2308 An.

305 2349 368 2414 XV
386 2351 518 2429 41,2-
538 2351 580 2413 10
611 2350 695 2414 eod:
726 2351 780 2416 sed
808 2352 1014 2416 oetmtissm
1045 2350 1203 2433 reiipione,
1239 2351 1321 2432 quod
1351 2349 1483 2415 Seruius

308 2457 431 2522 Tullius
453 2456 574 2540 Lunae,
598 2461 628 2521 ei
648 2478 764 2539 mapna
786 2477 845 2522 oro
865 2457 1050 2541 faunosque,
1072 2477 1151 2538 quae
1166 2458 1326 2539 praesenti
1348 2457 1486 2521 Hereuti

306 2563 409 2628 Areas
432 2562 582 2627 Euander
604 2568 788 2646 sanaverat,
811 2563 955 2646 aedesque
976 2563 1111 2628 Statoris
1132 2563 1231 2647 Iouis,
1254 2569 1323 2629 oota
1345 2563 1486 2629 Romulo

307 2670 488 2752 Numaeque
517 2670 603 2752 repta
630 2675 658 2734 et
684 2670 842 2734 delritnrm
871 2671 976 2735 Vestae
1002 2691 1072 2735 eum
1095 2669 1263 2735 Penatium
1283 2671 1394 2754 pepedi
1416 2671 1485 2736 Ro-

306 2777 396 2840 mani
413 2780 536 2852 eeusta;
555 2777 622 2840 iam
640 2797 709 2860 opes
726 2781 769 2841 tot
786 2778 921 2842 oidorirs
938 2779 1094 2860 quaesitae
1110 2781 1140 2842 et
1157 2775 1350 2842 Graeoorum
1362 2779 1487 2842 ortium

306 2884 423 2960 deeora²
445 2883 528 2947 enim
545 2888 742 2948 monumenta
759 2885 955 2966 inpeniorum
972 2885 1103 2966 antiqua
1119 2888 1148 2947 et
1163 2884 1351 2968 incorrupto,
1373 2905 1485 2966 quam

306 2991 354 3056 uis
381 2991 416 3054 in
444 2994 532 3054 tanta
560 2991 746 3072 resurpentis
774 2991 860 3056 urbis
883 2990 1114 3072 pulchritudine
1138 2991 1237 3056 muita
1260 2992 1392 3056 seniores
1421 3013 1487 3055 me-

307 3097 469 3180 minerint,
507 3117 584 3178 pirae
613 3097 759 3180 reserari
788 3098 962 3179 mundant
1013 3097 1119 3162 Loeus
1156 3102 1207 3162 est
1241 3096 1488 3165 vexatissimua

308 3202 463 3268 Walther
477 3223 545 3266 rem
564 3202 714 3287 expedire
732 3201 859 3267 studuit
879 3206 1015 3269 verbum
1032 3207 1181 3269 exusta
1197 3204 1297 3268 etiam
1313 3203 1354 3267 ad
1374 3225 1489 3292 opes,

308 3310 466 3394 deeora,
489 3311 738 3405 monumenta
765 3308 948 3396 referendo,
975 3312 1037 3376 ita:
1060 3315 1250 3375 „.:easnto
1279 3312 1346 3375 iam
1374 3331 1490 3392 opes..

308 3417 429 3499 demum
471 3416 554 3480 euim
592 3421 829 3481 moenimenta..
848 3418 1028 3500 incorrupta
1065 3413 1122 3502 (se.
1153 3415 1300 3502 exusta):
1340 3420 1490 3499 quimus

207 3507 211 3514 ’
308 3524 344 3587 in
366 3521 707 3606 uun-pumannum
727 3524 827 3588 multa
848 3523 982 3589 seniores
1003 3525 1213 3605 meminerint,
1239 3545 1317 3606 pirae
1338 3528 1492 3605 reparari

308 3629 483 3712 mqurdont.
511 3663 555 3675 —-
587 3628 696 3694 Ritter
727 3625 829 3714 (1848
861 3634 896 3695 et
928 3628 1044 3716 1864),
1076 3628 1331 3715 Orelli-Baiter,
1362 3628 1490 3717 Haase,

311 3737 456 3820 Draeger
467 3735 720 3821 interpungunt:
809 3741 925 3802 emen
958 3737 1032 3802 Iam
1049 3737 1251 3819 opes—decoro
1265 3733 1323 3822 (aa
1337 3737 1491 3824 exusta);

309 3844 392 3908 euim
409 3846 608 3906 monumenta
696 3843 795 3906 multa
813 3844 945 3908 seniores
962 3845 1158 3908 muninuint
1174 3847 1208 3910 et
1217 3866 1248 3936 q,
1255 3866 1280 3909 s.
1293 3840 1377 3929 (iaz
1389 3843 1492 3923 fusile

309 3949 484 4014 muniuisse
499 3953 650 4030 possunt·
672 3947 781 4013 Ritter
799 3949 942 4034 scripsit:
959 3947 1210 4035 mertinerunt).
1246 3948 1490 4035 Nipperdeium

310 4053 447 4120 offendit
482 4054 619 4119 verbum
659 4055 745 4120 male
785 4055 974 4140 suppletum
1014 4062 1155 4122 exusta
1196 4077 1238 4121 sa
1271 4061 1376 4140 sunt,
1416 4079 1490 4142 quo

309 4165 382 4226 tota
418 4160 591 4226 verborum
628 4165 792 4226 structura
828 4163 921 4247 quasi
953 4169 1215 4249 corrumperetur
1246 4160 1298 4250 (ef.
1314 4163 1389 4229 edit
1403 4163 1492 4250 111);

310 4268 422 4352 itaque
439 4268 563 4354 raeepit
590 4267 807 4334 coniecturam
821 4266 983 4354 Ernestii,
1009 4292 1075 4355 qua
1100 4271 1302 4356 quaesitae
1336 4272 1493 4335 mutatur

310 4373 345 4438 in
383 4374 609 4459 quaesitas3
648 4374 824 4440 assusatiri
862 4375 938 4442 inde
976 4377 1019 4441 ab
1059 4399 1151 4462 opes
1189 4397 1262 4442 eum
1302 4374 1491 4442 memina-

311 4479 393 4544 rint
417 4480 667 4568 eoniunguntur.
705 4479 802 4546 Halm
828 4482 1006 4548 novissime
1031 4484 1197 4569 propriam
1222 4481 1492 4550 emendationem
