3152 5222
612 500 829 562 ..-47-

223 658 343 722 Restat
365 664 404 722 ut
431 658 573 723 breviter
600 658 639 722 de
667 658 738 722 loeo
762 658 958 722 disseramus
981 657 1023 723 H.
1037 658 1051 723 I
1065 659 1118 743 32,
1139 659 1190 742 417
1214 677 1310 740 aeque

127 765 198 829 aas
224 766 375 830 iudicium
398 771 455 829 aut
467 766 581 838 veritae
596 765 830 847 quappe'eodem
852 763 901 829 die
914 766 1034 830 diversa
1050 765 1129 847 pari
1145 765 1311 829 certamine

121 872 354 956 postulaturis,
372 873 426 936 sed
443 873 558 936 tradita
576 889 660 935 more
677 889 896 953 quemcumque
909 872 1081 954 primatiam
1099 871 1253 936 mammeti
1270 872 1308 936 a·-

129 979 237 1042 centia
255 978 517 1042 adclamationum
535 983 564 1042 et
580 979 692 1043 stadiis
708 978 866 1042 tuendas.
902 976 988 1043 Mira
1005 981 1056 1042 est
1074 977 1216 1042 virorum
1236 978 1308 1044 doc·

130 1087 247 1149 torum
263 1084 422 1149 dissensio
441 1084 476 1149 in
494 1084 603 1169 ellipsi
622 1083 770 1170 eruenda,
789 1084 845 1148 ubi
869 1084 994 1170 ellipsis
1009 1083 1141 1148 omnino
1159 1106 1226 1149 non
1249 1089 1308 1150 est.

130 1190 186 1256 Ad
207 1193 309 1257 verba
327 1196 473 1257 extrema
487 1189 680 1255 Doederlein
701 1195 758 1255 aut
776 1190 1040 1256 adulabantur
1064 1212 1102 1254 ex
1121 1189 1308 1257 adulandi

131 1303 193 1362 aut
233 1299 403 1385 agebant
438 1298 535 1382 plane
574 1298 772 1362 extrinsecus
810 1297 1025 1383 supplendum
1065 1317 1136 1362 essa
1173 1299 1308 1383 censuit,

129 1404 284 1470 Heraeus
298 1405 557 1490 postulabant
574 1403 737 1489 intellegit
752 1427 790 1468 ex
806 1403 1082 1488 postulaturis.
1120 1403 1182 1468 Est
1196 1407 1306 1470 autem

99 1573 112 1586 ,
130 1516 250 1576 nostro
273 1512 344 1577 loco
366 1511 449 1577 nihil
468 1511 533 1578 nisi
553 1511 676 1596 species
696 1511 766 1575 eius
785 1509 1063 1594 breviloquentiae
1082 1510 1220 1596 generis,
1243 1533 1308 1598 qua

129 1619 286 1700 verbum,
308 1618 393 1704 quod
417 1619 458 1682 ad
490 1618 585 1703 plura
618 1617 779 1682 enuntiati
809 1617 955 1681 membra
986 1616 1142 1702 pertinet,
1168 1617 1308 1683 insolen-

129 1726 201 1790 tius
234 1725 268 1788 in
296 1725 359 1790 fine
390 1725 486 1809 primi
517 1724 654 1789 membri
687 1724 832 1809 positum
866 1726 917 1788 est
947 1714 1098 1808 (ctinfr'a
1120 1723 1196 1803 §56
1215 1720 1306 1809 etl).

129 1830 307 1897 Structura
336 1831 448 1896 statim
479 1831 732 1918 perspiceretur,
769 1830 796 1894 si
827 1829 959 1895 Tacitus
992 1828 1178 1915 scripsisset
1211 1847 1307 1911 meque

127 1939 200 2002 illis
225 1938 371 2003 iudicium
395 1944 452 2002 reat
476 1939 590 2003 veritas
615 1935 728 2021 campe
750 1939 851 2002 codem
880 1938 929 2002 dte
957 1937 1079 2001 diuersa
1105 1937 1182 2018 pari
1210 1940 1306 2000 aerte-

127 2046 236 2128 mima,
252 2046 304 2109 sed
321 2047 437 2112 tradito
455 2063 539 2109 more
620 2045 745 2109 licentia
820 2049 849 2108 et
869 2044 982 2108 studiis
1003 2042 1152 2108 ineamus
1167 2042 1306 2125 pasua-

127 2153 239 2229 turis;
256 2151 464 2237 participium
479 2152 564 2217 enim
588 2150 855 2234 postulaturis
878 2150 1022 2235 pertinet
1036 2149 1136 2214 etiam
1150 2148 1192 2213 ad
1206 2148 1307 2214 verba

128 2258 537 2343 quippe-certamine.
552 2294 594 2304 -
610 2255 938 2321 Commemorandum
962 2260 1013 2320 est
1034 2255 1097 2321 hoc
1119 2257 1190 2320 loco
1205 2277 1305 2320 unum

128 2364 327 2449 exemplum,
349 2364 384 2429 in
407 2387 470 2451 quo
496 2363 629 2429 verbum
653 2362 772 2447 agendi
795 2362 952 2428 omissum
981 2383 1051 2427 esse
1080 2361 1208 2426 videtur
1230 2365 1307 2446 post

128 2470 323 2536 adverbium
357 2493 430 2536 cum
445 2486 446 2490 ’
461 2471 605 2536 ablativo
634 2470 756 2535 modali
784 2469 1007 2534 coniunctum:
1040 2466 1118 2554 Agr.
1134 2468 1164 2553 5,
1187 2466 1306 2532 3--52

1 2629 2 2654 ,
127 2579 199 2642 Nec
224 2579 370 2660 Amicola
399 2579 520 2643 licenter
549 2575 605 2664 (sc.
623 2575 707 2663 egit)
731 2597 815 2642 more
837 2578 982 2640 teramum
1014 2577 1070 2656 qui
1096 2574 1243 2639 militiam
1270 2574 1306 2637 im

127 2685 295 2750 maiatum
321 2689 462 2761 acrtuut;
493 2703 590 2763 neque
619 2685 749 2766 sceatta
780 2685 824 2748 ud
857 2684 1027 2765 voluptates
1062 2686 1091 2747 et
1120 2685 1307 2746 commeatus

1 2799 2 2836 i
128 2792 259 2856 titulum
288 2791 465 2857 maeatas
501 2797 528 2855 et
565 2791 725 2854 inscitiam
762 2790 882 2854 rettulit
910 2785 963 2875 (cf.
983 2789 1022 2854 Κ.
1044 2787 1097 2854 Fr.
1129 2787 1306 2872 Hermann,

125 2899 193 2963 Rh.
209 2895 295 2962 Mus.
312 2898 379 2982 tp.
394 2897 474 2982 5883
498 2895 592 2976 Wex,
613 2896 708 2981 proll.
728 2896 768 2961 ad
786 2894 867 2979 Agr.
882 2894 958 2960 edit.
974 2918 1005 2980 p.
1023 2895 1170 2979 133seq,
1188 2891 1305 2960 Schoe-

126 3026 247 3087 mann,
276 3003 340 3068 ind.
356 3004 429 3068 lect.
443 3003 509 3068 hib.
527 3003 651 3087 Gryphe
668 3003 752 3068 1859
767 3026 797 3087 p.
815 3003 835 3067 5
851 3023 930 3087 seq.,
963 3001 1144 3085 Baehrens',
1171 3001 1305 3066 miscell.

126 3112 201 3176 orit
223 3133 253 3194 p.
272 3110 348 3195 1313
385 3108 568 3195 Prammer,
598 3108 631 3174 Z.
646 3109 666 3174 f.
684 3114 713 3175 ὃ.
727 3109 843 3193 Gymn.
859 3109 899 3174 31
918 3133 948 3194 p.
965 3109 1046 3194 897,
1076 3107 1241 3193 Wiegand
1269 3109 1304 3172 in

124 3219 376 3302 programmate
393 3214 628 3281 Wormatiensi
646 3239 674 3281 a.
691 3216 774 3300 1861
791 3239 822 3300 p.
836 3216 880 3279 22
894 3212 984 3300 seq).

126 3398 160 3461 3.
185 3394 418 3460 accusativo
450 3393 610 3479 obiecti,
640 3393 936 3470 accedit'notio
969 3393 1102 3477 aliqua
1133 3393 1302 3457 modalis

412 3500 472 3565 vel
500 3500 625 3566 dictio
658 3501 1020 3586 praepositionalis.

222 3623 254 3713 a)
278 3626 410 3691 verbum
435 3624 561 3691 dicendi
585 3625 766 3691 omittitur:

222 3719 541 3834 An.1118,9:laaec
559 3751 671 3832 palam
698 3749 847 3815 et‘m'tato
875 3750 960 3814 ommi
982 3754 1109 3826 secreto;
1132 3748 1302 3833 -.46,1;

123 3881 191 3925 aaa
211 3860 267 3922 aaa
280 3857 354 3922 baec
372 3878 425 3921 nec
443 3858 530 3940 apud
551 3857 660 3937 laetos;
678 3892 721 3902 —
740 3856 801 3921 XV
817 3857 870 3942 52,
893 3855 961 3940 8l9:
984 3856 1057 3922 baec
1079 3859 1115 3920 tm
1137 3876 1302 3940 amomum,
1368 3933 1374 3942 ἱ

1 3949 2 3992 ³
124 3973 260 4031 caeram
279 3966 387 4028 timore
404 3964 525 4048 asculta,
543 3983 581 4027 ue
599 3967 633 4028 et
646 3985 676 4048 q.
693 3986 717 4027 s.
736 3963 879 4028 -Haec
897 3963 1045 4048 exempla
1058 3962 1192 4027 trahent
1204 3962 1302 4027 hosce

1 4097 2 4104 ¹
125 4075 235 4138 locos:
258 4071 300 4137 H.
314 4071 366 4136 Ill
382 4070 433 4155 19,
446 4068 500 4154 415
513 4069 588 4134 laec
601 4071 637 4134 a'm
654 4071 752 4134 medio
771 4066 805 4156 (i.
815 4066 986 4156 epulam),
1006 4068 1136 4150 maere
1149 4069 1301 4144 diotm—

1 4153 2 4206 ³
125 4177 290 4262 misr,
315 4175 423 4261 mna
454 4195 518 4241 noe
545 4196 627 4241 aem
657 4176 855 4241 aee...ea
884 4177 970 4259 apae
1000 4175 1135 4258 cauas
1166 4173 1302 4238 maium

1 4287 2 4320 r
125 4305 230 4350 aures.
254 4320 295 4331 -
321 4280 434 4348 Simile
462 4287 525 4368 est,
554 4305 627 4348 cum
657 4283 706 4348 ed.
726 4283 946 4348 accusativum
974 4280 1093 4346 obiecti
1121 4284 1178 4344 aut
1201 4301 1301 4345 anun·

126 4393 248 4458 tiatum
283 4390 412 4461 modale
446 4390 591 4475 additur,
622 4394 660 4455 ut
687 4388 728 4453 Η.
747 4388 798 4453 lII
820 4390 877 4473 24,
903 4386 954 4470 sse
983 4386 1068 4471 haec,
1101 4391 1137 4451 ut
1169 4405 1303 4470 quosque

126 4503 309 4584 ucaesoemt·
330 4497 429 4578 plura
461 4497 506 4560 ad
534 4497 680 4561 tertiarios
708 4499 841 4559 aeteram
870 4493 1095 4574 recentiumque
1125 4494 1301 4579 admoneus,
